2262 3182
610 176 1488 231 SUBSECIVA.
1816 213 1875 260 23

204 308 402 353 colarum
456 306 595 352 hortis
631 340 645 362 ,
702 308 897 356 oleribus
942 310 988 357 ὃς
1026 312 1195 357 ‚teneris
1239 311 1491 367 Nicotianae
1535 317 1702 377 plantis
1749 323 1870 370 adse.

203 397 305 429 runt
342 382 462 443 (a).

261 457 380 502 Cum
414 455 576 500 baculo
610 454 873 500 incedentes
896 487 909 509 ,
945 468 1038 500 non
1073 468 1158 501 tam
1191 472 1335 518 prope
1360 463 1578 510 accedere
1601 469 1833 526 patiuntur
1859 506 1875 529 ‚

202 544 334 588 quam
368 545 423 576 eo
459 544 548 575 non
586 529 815 574 instruftos
837 562 850 584 ‚
888 529 932 572 in
966 542 1144 574 arenam
1173 537 1291 577 enim
1316 533 1568 595 aufugiunt.
1637 539 1696 600 Et
1719 542 1746 586 fi
1772 545 1871 601 quis

199 605 324 662 nullo
355 618 544 650 armatus
581 604 670 650 telo
705 606 822 649 inter
858 602 958 649 illos
993 605 1307 663 perambulat,
1344 609 1538 672 maligne
1573 625 1673 658 euni
1696 618 1874 665 intuen-

200 694 265 726 tes
290 715 303 736 ,
339 681 501 726 sublata
534 680 666 726 chela
700 682 918 739 impetum
954 681 1181 725 minantur
1218 682 1330 744 (h).

263 764 645 812 Excursumhunc
667 780 794 824 aeque
816 751 1016 823 bonique
1040 764 1292 811 consultum
1315 766 1367 810 iri
1379 765 1555 826 sperans
1571 800 1585 822 ‚
1610 767 1874 817 Cancrino-

198 840 336 886 stratis
367 840 570 893 littoralis
605 841 951 900 descriptionem
984 829 1240 902 aggredior.

263 925 305 971 Is
340 939 447 972 vero
484 927 677 981 cinerei,
714 926 800 971 five
832 926 1084 987 leucophaei
1108 926 1178 972 vel
1203 925 1434 972 subviridis
1458 925 1519 972 est
1542 925 1739 983 coloris,
1787 945 1872 990 pro

202 997 398 1043 alimenti
423 998 727 1062 &locorum⁹
762 1004 807 1048 in
836 1004 996 1061 quibus
1020 1003 1220 1064 degunt,
1257 1004 1460 1057 rationes,
1497 1002 1571 1047 sed
1595 1009 1868 1064 coquendo,

196 1071 455 1118 Astacorum
490 1090 614 1122 more
635 1112 650 1137 ‚
689 1077 963 1122 rubicundus
1000 1076 1214 1121 redditur.
1284 1075 1464 1135 Corpus
1499 1077 1638 1124 crusta
1675 1094 1802 1127 ovata
1826 1082 1872 1129 δε
1895 1098 2065 1140 Tab.]1.

195 1145 285 1191 levi
319 1149 517 1193 vestitum
556 1152 617 1194 est
638 1184 652 1206 ‚
689 1148 800 1209 quae'
820 1154 865 1195 in
899 1154 1097 1210 margine
1120 1152 1176 1193 ad
1199 1151 1441 1198 oculorum
1464 1153 1599 1199 latera
1620 1190 1634 1211 ,
1671 1159 1871 1218 quinque
1894 1151 1962 1199 fig·
1991 1151 2019 1190 l·

199 1220 357 1266 dentes
392 1222 478 1266 five
516 1224 725 1268 incisuras
760 1226 904 1270 minus
938 1223 1183 1284 profundas
1219 1222 1368 1268 habet.

263 1306 496 1353 Converso
531 1305 576 1352 δε
609 1309 654 1353 in
688 1309 820 1355 dorso
854 1308 1113 1367 quiescente
1147 1323 1311 1354 cancro
1343 1322 1506 1368 praeter
1539 1313 1699 1360 oculos
1725 1314 1770 1363 &
1796 1333 1871 1364 an-
1892 1322 2051 1374 Fig.11.

198 1394 350 1427 termas
376 1414 388 1435 ‚
433 1382 563 1427 etiam
598 1396 745 1443 partes
771 1417 785 1440 ‚
821 1397 920 1443 quae
953 1383 1104 1431 fauces
1139 1383 1453 1440 constituunt,
1490 1384 1536 1431 ὅτ.
1570 1389 1706 1447 paulo
1739 1391 1870 1439 altius

193 1456 340 1501 chelas
377 1455 482 1500 duas
517 1454 562 1501 &
596 1470 788 1515 quatuor
810 1456 950 1516 pedes
976 1455 1163 1501 videbiS.
1230 1458 1453 1521 Antennae
1482 1458 1642 1507 horum
1669 1462 1870 1512 Cancro·

197 1545 292 1576 rum
309 1564 322 1586 ‚
358 1530 386 1575 fi
410 1530 670 1578 Astacorum
694 1533 896 1577 antennis
922 1532 1274 1590 compararem,
1308 1532 1566 1579 breviffimae
1592 1537 1718 1594 sunt,
1744 1543 1871 1599 quin·

197 1605 343 1650 decim
368 1617 537 1650 tantum
564 1618 638 1651 aut
662 1606 854 1652 sedecim
879 1606 1053 1652 annulis
1078 1606 1344 1653 constantes.
1402 1607 1577 1657 Oculos
1602 1616 1733 1661 etiam
1759 1631 1868 1676 qua-

197 1678 655 1737 quaversumssexiles
690 1681 889 1726 exserere
924 1680 971 1727 δι
1002 1681 1227 1726 retrahere
1262 1681 1424 1728 valent.

1902 1508 2071 1559 Fig.V1.

1891 1572 1930 1607 5.

271 1764 411 1811 Paulo
458 1765 572 1811 infra
620 1766 772 1812 crustae
805 1768 1050 1828 marginem
1082 1802 1097 1823 ,
1142 1771 1187 1814 in
1222 1770 1447 1829 superiore
1479 1786 1604 1832 parte
1637 1777 1829 1822 anterius
1851 1810 1865 1833 ‚
1897 1799 1982 1850 Fig.
2008 1800 2074 1839 Vi.

197 1841 578 1895 utramqueinter
612 1853 849 1887 antennam
873 1877 888 1898 ‚
923 1843 1031 1889 duas
1055 1843 1158 1890 alias
1183 1845 1404 1907 oblongas
1429 1847 1664 1906 particulas
1681 1884 1693 1904 ,
1733 1852 1870 1898 tribus
1895 1853 1930 1890 8,

195 1913 392 1961 articulis
429 1915 676 1959 constantes
703 1949 716 1971 ‚
753 1914 797 1961 &
834 1917 1025 1975 superne
1059 1920 1176 1965 binis
1209 1920 1499 1967 minutiffimis
1531 1923 1781 1984 forcipibus
1803 1930 1871 1973 in·

194 1988 370 2037 mucias
406 1986 551 2032 noster
585 1990 700 2048 gerit
737 1989 951 2046 Cancer,
987 2006 1095 2051 quas
1131 1996 1258 2040 vivus
1295 1994 1407 2041 &in
1434 2011 1545 2055 aqua
1567 1998 1738 2061 degens
1759 2037 1773 2057 ‚
1806 2018 1871 2049 as·

197 2062 315 2106 fidue
348 2074 500 2104 movet
532 2059 582 2127 ¹&
619 2061 866 2109 celerrime.
936 2064 1019 2112 Hae
1058 2069 1203 2116 forsan
1242 2071 1491 2127 cirrorum,
1528 2075 1605 2131 qui
1633 2071 1677 2119 in
1702 2077 1870 2126 AstaciS

197 2134 377 2193 quidem
414 2131 459 2178 &
492 2132 658 2198 squillis
684 2168 697 2188 ‚
732 2150 822 2182 non
848 2151 994 2185 autem
1017 2142 1062 2188 in
1086 2144 1272 2191 Cancris
1295 2147 1613 2205 inveniuntur,
1648 2149 1869 2197 defecium

197 2207 339 2254 forsan
375 2205 461 2252 illis
497 2209 797 2267 compensant.

1744 2298 1865 2350 Ante

246 2442 330 2490 (a)
366 2445 622 2484 ROCHEFORT
648 2441 811 2490 Htstoire
827 2444 887 2483 des
904 2445 1091 2492 Antilles,
1121 2444 1209 2484 Lib.
1232 2447 1262 2485 Ι.
1291 2448 1388 2497 Cap.
1409 2448 1574 2487 XXXII.
1605 2451 1696 2490 Art.
1719 2463 1756 2502 3.

247 2503 328 2550 (b)
363 2504 604 2543 CATESBY
630 2504 779 2554 Htstory
799 2505 1040 2556 ofCarolinae
1061 2504 1142 2546 ἃς.
1173 2505 1291 2547 Tom.
1315 2509 1357 2548 ll.
1388 2520 1481 2558 pag.
1504 2520 1566 2559 32.
