2262 3182
320 183 1001 239 TABULARUM
1067 185 1882 262 EXPLICAT10.41

195 324 294 384 Εἰς.
333 322 386 368 ΙΙ.
431 320 556 365 Idem
591 318 893 379 microscopio
929 318 1042 366 visus
1065 352 1080 376 ,
1128 331 1217 365 tres
1252 320 1527 382 Polyporum
1564 328 1730 389 species
1761 347 1886 397 gere-

266 400 353 443 bat.
1638 385 1653 407 ᾗ

151 472 158 480 “
191 491 234 522 α.
273 477 311 519 b.
348 471 468 519 Duae
504 472 685 520 diverste
725 474 924 533 species,
960 488 1060 533 quae
1092 472 1358 534 pedunculo
1393 486 1518 520 erant
1552 479 1702 527 affixae.

190 565 226 596 c.
265 548 416 594 Tertia
452 548 620 607 species
641 584 658 608 ,
709 564 810 608 quae
863 552 1013 597 minor
1055 552 1100 598 in
1136 549 1309 596 cellulis
1344 548 1546 598 habitans
1571 587 1586 610 ,
1631 555 1725 613 his,
1769 558 1887 616 quali

254 630 452 683 cortice,
485 627 746 673 conFervam
782 628 971 675 investit.

187 702 229 748 d.
267 703 465 762 Polypus
504 717 722 748 mortuus.

186 778 287 842 Fig.
325 780 403 826 III.
443 780 673 826 Corallina
706 779 924 826 tubularia
958 779 1154 843 Laryngi
1190 780 1355 827 similis.

186 856 282 919 Fig.
321 854 400 901 IV.
438 854 623 900 Medius
662 853 714 900 ἃ
747 854 888 914 major
924 855 1054 915 hujus
1091 854 1337 903 Corallinae
1373 855 1567 901 ramulus
1601 869 1684 916 per
1707 856 1889 901 micros-

250 933 434 991 copium
468 930 610 985 visus,
646 929 847 988 quinque
883 929 1078 975 diversos
1113 929 1305 976 habebat
1341 930 1554 991 Polypos.
1629 932 1813 980 Litterae
1841 935 1885 979 in

242 1010 310 1054 his
346 1006 551 1053 ambabus
578 1002 747 1066 figuris
786 1004 933 1050 eadem
949 1002 1224 1065 fignificant.

179 1102 222 1134 a.
257 1085 402 1130 Prima
439 1079 484 1126 &
520 1079 721 1126 Maxima
754 1078 1035 1142 polyporum
1072 1077 1268 1139 species,
1311 1096 1444 1140 quam
1470 1083 1707 1129 coccineam
1730 1095 1878 1138 νοοο,

243 1160 290 1207 &
323 1159 473 1221 figurae
509 1156 578 1213 Il,
614 1155 708 1211 111,
744 1154 811 1201 IV
845 1155 1038 1202 Tabulae
1074 1154 1241 1202 Tertiae
1277 1157 1468 1204 fortiore
1492 1157 1793 1217 microscopio
1821 1160 1885 1205 vi-

240 1228 328 1273 sam
359 1230 587 1279 exhibent.

174 1308 216 1353 b.
252 1306 457 1353 Secunda
492 1308 692 1368 species,
730 1308 1021 1370 praecedente
1054 1311 1218 1358 minor.

172 1397 209 1428 c..
245 1381 427 1439 Tertia,
459 1399 559 1444 quae
601 1385 756 1432 eadem
795 1399 844 1431 ut
878 1385 1009 1446 hujus
1046 1386 1212 1433 tabulae
1246 1385 1325 1449 fig.
1362 1390 1419 1435 Il.
1453 1386 1537 1432 litt.
1575 1388 1616 1432 h.

172 1458 213 1504 d.
248 1458 447 1521 Quarta,
484 1477 586 1521 quae
622 1462 806 1518 eadem,
840 1476 891 1508 ut
935 1462 1055 1507 illius
1093 1462 1169 1524 fig.
1205 1462 1291 1506 litt.
1328 1478 1367 1508 c.

173 1548 209 1580 e.
247 1531 442 1595 Quinta,
479 1551 581 1596 quae
615 1537 799 1581 minima
839 1534 1119 1595 Polyporum
1153 1536 1325 1596 species
1349 1571 1364 1594 ,
1411 1551 1544 1598 quam
1568 1570 1583 1597 ,
1628 1535 1756 1583 valde
1795 1549 1884 1581 am-

235 1611 463 1670 plificante
508 1611 812 1667 microscopio
858 1609 1030 1669 visam,
1078 1610 1299 1669 exhibet,
1358 1613 1520 1660 tabulae
1568 1615 1708 1659 tertiae
1746 1611 1886 1675 figura

235 1686 401 1741 prima,
435 1684 493 1730 C.

161 1756 204 1816 f.
240 1756 462 1810 Cellulae‚
498 1768 608 1814 quas
646 1767 802 1813 quarta
843 1756 1015 1814 species
1051 1757 1283 1805 inhabitat.

169 1835 269 1899 Fig.
302 1834 359 1880 V.
396 1832 628 1880 Corallina
663 1830 813 1878 ereeta
857 1846 1088 1891 pennata,
1133 1836 1374 1884 denticulis
1421 1840 1601 1887 alternis
1643 1844 1758 1889 cauli
1805 1858 1880 1904 ap-

233 1910 395 1972 preffis.
475 1909 614 1955 Ems
650 1907 766 1954 Tab.
801 1906 888 1953 VI.
924 1910 969 1955 in
1005 1909 1136 1971 hujus
1172 1917 1528 1962 extremitatibus
1563 1917 1713 1964 nullos
1749 1918 1882 1976 Poly-

231 2003 318 2048 pos
352 1985 427 2032 sed
462 1998 633 2031 tantum
669 1986 715 2029 in
748 1982 953 2039 cellulis,
991 1998 1154 2032 trunco
1190 1989 1329 2034 affixis
1365 1991 1656 2049 reperiebam.

166 2068 206 2113 b.
245 2060 462 2109 Cochleae
498 2060 696 2105 minimae
735 2058 879 2104 Coreti
915 2057 1050 2105 dietae
1088 2061 1398 2122 magnitudine
1435 2064 1578 2112 auetae
1616 2068 1662 2112 in
1697 2068 1750 2114 B.

165 2154 201 2185 c.
235 2136 426 2182 Eschara
459 2136 674 2192 minima,
719 2131 960 2191 millepora
981 2163 996 2185 ,
1044 2130 1268 2177 cru'stacea
1304 2133 1478 2181 cellulis
1514 2138 1830 2188 tubiformibus
1854 2177 1869 2198 ‚

229 2208 507 2260 animalculis
551 2209 813 2267 quibusdam
859 2208 1126 2254 habitationi
1172 2209 1528 2260 inservientibus,
1597 2215 1640 2262 C
1686 2219 1867 2266 exhibet

229 2289 308 2335 has
339 2285 523 2333 cellulas
557 2285 824 2332 tubifo-rmes
861 2285 1171 2348 magnitudine
1206 2288 1370 2334 auftas.

167 2366 265 2429 Fig.
298 2365 375 2413 VI.
414 2361 643 2410 Corallina
678 2363 836 2408 abietis
867 2361 1011 2408 forma
1036 2396 1050 2418 ‚
1097 2377 1231 2421 quam
1267 2364 1417 2410 mense
1451 2364 1697 2414 Decembri
1735 2384 1865 2418 acce·

231 2443 303 2502 pi:
341 2441 434 2500 ejus
471 2440 579 2485 rami
613 2437 829 2485 Veficulis
868 2438 937 2486 vel
974 2438 1120 2487 ovulis
1157 2439 1238 2502 (a)
1273 2454 1355 2500 per
1386 2443 1508 2500 paria
1542 2442 1701 2490 ordine
1741 2447 1863 2506 poli-

230 2521 313 2573 tis,
347 2531 470 2563 erant
503 2516 667 2563 obse'ssi.

167 2597 223 2642 A.
258 2593 379 2640 Talis
422 2592 624 2638 Veficula
667 2591 737 2637 vel
782 2590 966 2636 ovulum
1012 2589 1316 2647 microscopio
1363 2590 1515 2639 visum.
1563 2591 1794 2643 Differens
1829 2615 1855 2644 a

233 2667 443 2720 Veficula
476 2667 771 2727 praecedentis
804 2665 991 2713 Tabulae
1024 2667 1098 2731 fig.
1134 2665 1213 2712 VI.
1249 2667 1300 2713 B.

913 2742 950 2788 F
1545 2750 1584 2795 h.
1623 2748 1851 2806 Cochlea‚
