2262 3182
339 183 998 242 TABULARUM
1063 183 1902 259 EXPLICAT10.40

1880 236 1901 260 Ο

213 326 310 388 rig.
347 321 424 369 IV.
460 317 658 378 Polypus
693 331 741 365 ut
775 317 1038 379 praecedens
1062 350 1076 373 ‚
1123 315 1196 362 sed
1231 319 1276 362 in
1311 318 1400 365 hoc
1431 323 1587 369 ramuli
1620 341 1641 371 c
1677 328 1721 373 in
1758 328 1904 392 longi-

276 398 476 445 tudinem
514 408 745 442 creverant
769 429 785 451 .,
827 394 878 443 δε
914 392 1022 442 ocio
1062 394 1134 442 vel
1171 394 1327 440 decem
1364 395 1575 457 globulos
1610 402 1682 449 vel
1714 419 1798 451 ova
1833 420 1910 469 ge-

275 475 459 532 rebant3
499 487 553 518 ex
587 471 654 518 his
691 471 845 518 decisis
879 473 987 518 novi
1021 472 1349 532 proveniebant
1383 470 1558 532 Polypi.

209 550 306 614 fig.
344 550 408 598 V.
447 547 640 595 Concha
674 548 895 604 Buccini‚
932 546 1153 593 Cancello
1190 546 1423 593 domicilio
1447 548 1710 609 inserviens,
1751 571 1913 618 gerens

274 628 320 672 in
356 626 398 672 A
438 624 702 689 singularem
726 624 1005 684 Polyporum
1030 624 1253 684 speciem,
1290 640 1389 685 quae
1417 626 1600 674 cellulas
1632 628 1909 691 inhabitanS,

270 716 381 762 quas
415 701 471 748 ad
507 701 642 747 latera
676 699 916 759 expandit,
953 708 1179 759 nunquam
1216 702 1260 746 in
1295 702 1576 750 altitudinem
1615 706 1835 752 increscit.

205 779 257 828 B.
296 776 445 825 Ovula
477 776 529 824 &
557 777 759 836 Juniores
795 775 956 835 Polypi
991 790 1046 823 ex
1080 776 1147 822 his
1181 777 1326 825 ovulis
1362 782 1453 826 nati
1487 793 1536 826 ut
1558 795 1639 841 per
1663 782 1906 830 mici-osco-

268 855 395 913 pium
431 852 704 913 apparebant
739 853 786 897 in
821 848 884 897 D.

201 929 258 978 C.
296 930 450 978 Balani
488 929 591 974 huic
625 927 817 975 conchae
852 928 985 973 etiam
1020 927 1271 975 infidentes.
1323 991 1327 993 Π

202 1005 302 1070 Fig.
336 1005 420 1054 VI.
457 1004 733 1065 Alcyonium
768 1004 1032 1067 digitatum,
1068 1005 1269 1065 undique
1308 995 1518 1056 asteriscis
1557 1022 1777 1055 notatum.

201 1098 244 1128 α.
279 1081 520 1128 Foramina
554 1081 755 1142 Polypos
788 1083 1081 1139 continentia.

202 1159 301 1223 Fig.
338 1157 442 1205 VII.
478 1157 603 1204 Idem
637 1158 913 1217 Alcyonium
951 1157 1223 1205 transversim
1259 1157 1490 1207 disse-stum
1516 1175 1564 1208 ut
1588 1160 1822 1207 substantia
1846 1161 1911 1206 in·

269 1249 393 1281 terna
427 1234 614 1293 fibrosa,
650 1236 912 1282 cavitatibus
948 1235 1083 1295 plena
1116 1249 1338 1296 appareat.

202 1313 241 1359 h.
286 1312 448 1372 Polypi
484 1312 530 1357 in
568 1310 783 1373 supremis
817 1310 1093 1361 cavitatibus.

853 1466 1025 1514 Tabula
1058 1467 1254 1531 ⁴Quarta,

203 1622 302 1685 Fig.
339 1621 374 1667 Ι.
409 1621 523 1670 Tres
570 1625 741 1682 species
787 1622 1159 1671 animalculotum
1203 1623 1454 1672 lucentium
1490 1628 1535 1673 in
1574 1626 1749 1691 guttula
1784 1642 1911 1690 aquae

262 1698 446 1742 marinae
480 1698 672 1743 fortiore
705 1694 1011 1754 microscopio
1048 1694 1255 1742 visorum.

200 1772 297 1837 Fig.
333 1770 391 1819 ΙΙ.
426 1770 603 1819 Mirum
638 1771 979 1818 Animalculum
1013 1775 1059 1818 in
1094 1773 1350 1832 coralliniS,
1388 1790 1413 1821 a
1447 1776 1582 1826 doliis
1615 1781 1796 1827 marinis
1829 1794 1906 1827 co-

260 1848 530 1895 niformibus
564 1846 752 1900 abrafis4
784 1860 1030 1907 repertum.

193 1925 255 1976 A.
289 1924 424 1971 Tales
459 1925 658 1972 minores
693 1937 818 1972 erant
853 1926 1048 1973 centeni.

198 2001 250 2047 B.
287 1999 466 2048 Decem
502 2000 573 2048 vel
609 2000 852 2049 duodecim
886 2014 1013 2049 erant
1047 2001 1130 2049 hac
1166 2004 1474 2072 magnitudine
1512 2007 1712 2055 naturali.

202 2078 260 2126 C.
295 2077 421 2124 Idem
456 2078 493 2125 B
531 2077 692 2126 animal
725 2078 1029 2141 microscopio
1062 2079 1214 2130 visum.

197 2170 239 2203 ct.
276 2154 518 2201 Antennae.

201 2233 242 2279 h.
278 2230 476 2277 Primum
509 2243 590 2290 par
618 2230 800 2292 pedum.

200 2321 238 2354 c.
272 2306 529 2354 Secundum
562 2320 654 2366 par.

200 2383 242 2429 d.
277 2382 481 2431 Tertium
514 2385 754 2428 maximum
787 2396 881 2442 par.

199 2471 248 2513 e,
289 2470 337 2512 e,
371 2472 418 2515 e,
456 2471 494 2503 e.
528 2453 738 2519 Quatuor
775 2456 995 2507 Veficulae
1030 2459 1274 2510 oviformes
1300 2495 1315 2520 ‚
1360 2476 1467 2522 quas
1511 2462 1707 2510 natando
1739 2477 1893 2511 move-

262 2529 353 2575 bat.

193 2604 277 2668 ff.
313 2604 399 2651 Sex
433 2607 569 2665 pedes
602 2608 872 2668 posteriores
900 2644 915 2668 ‚
960 2610 1123 2669 quibus
1168 2612 1293 2661 simul
1339 2613 1599 2664 corallinam
1646 2619 1886 2677 arripienS,

268 2683 613 2743 quaquaversum
648 2684 691 2749 se
726 2684 903 2733 fleciere
940 2700 1132 2747 poterat.

981 2761 1019 2807 F
1057 2777 1084 2807 ει
1619 2783 1665 2826 g.
1702 2764 1854 2811 Cauda
1869 2798 1882 2821 ‚
