2262 3182
444 209 501 254 ,4
891 178 1681 230 oPUSCULA

444 324 499 373 ad
529 332 669 386 genus
689 316 929 363 urticarum
952 313 1217 359 marinarum
1241 308 1555 371 pertinent‚&
1578 326 1679 371 quae
1694 309 1845 358 nostra
1861 310 2138 372 tempestate,

443 410 632 461 propter
654 392 1012 438 convenientiam
1036 404 1137 435 cum
1160 389 1338 449 polypis
1363 404 1575 449 aquarum
1589 389 1787 435 dulcium
1802 424 1814 444 ‚
1831 392 1960 436 etiam
1975 389 2138 448 Polypi

443 472 738 535 appellantur.
806 469 883 515 Est
917 468 1100 527 quidem
1134 468 1223 513 hoc
1260 466 1579 514 certissimum:
1619 469 1877 527 quicunque
1913 469 2031 512 enim
2055 465 2137 510 hos

439 551 574 599 flores
609 549 834 601 intuetur,
870 560 963 590 non
999 544 1144 603 potest
1180 558 1273 589 non
1297 544 1539 606 agnoscere
1563 559 1642 591 eos
1666 543 1749 589 effe
1776 545 1873 589 viva
1898 541 1947 590 <Sc
1972 542 2013 588 se
2039 555 2139 588 mo-

438 625 589 672 ventia
619 621 905 667 animalcula:
944 621 1021 679 qui
1057 633 1203 665 tamen
1228 619 1332 665 inde
1359 621 1621 682 colligeret,
1656 620 1754 667 haec
1790 618 2053 664 animalcula
2075 617 2138 662 fa-

429 698 668 749 ·breseciffe
698 697 886 757 lapideae
922 697 1100 742 duritiei
1137 695 1345 751 corallia,
1380 696 1497 742 sorte
1528 700 1659 742 nimis
1692 695 1915 741 festinanti
1949 694 2136 741 consilio

442 774 713 837 perexiffet:
757 787 856 819 nam
894 787 985 818 non
1023 773 1162 833 magis
1198 770 1457 817 verofimilis
1503 770 1611 815 mihi
1657 783 1840 828 apparet
1888 769 2137 825 sententia,

444 865 577 912 quam
603 863 689 908 qua
715 849 1016 902 adsereretur‚
1052 847 1238 893 Vermes
1261 847 1453 902 formare
1477 846 1643 908 fungos
1659 883 1669 902 ‚
1688 844 1857 891 Erucas
1881 844 1931 892 <Sc
1955 847 2137 891 Sirones

447 926 622 974 efficere
647 925 828 970 arbores
851 921 902 970 ὃς
926 923 1097 982 plantas
1113 960 1124 980 ‚
1165 924 1329 982 quibus
1353 922 1497 968 aestate
1522 936 1684 984 magno
1710 934 1901 966 numero
1919 913 2139 965 insident.

515 1001 668 1061 Objici
704 1001 884 1058 quidem
909 997 1042 1042 audio
1059 1032 1071 1052 ,
1126 996 1416 1042 Concharum
1441 995 1490 1042 ἅ
1516 996 1791 1042 Tellinarum
1817 996 2015 1050 incolas,
2051 996 2141 1054 pri·

443 1090 512 1122 ma
548 1087 676 1137 aetate
714 1071 799 1118 esse
835 1071 1076 1117 admodum
1114 1082 1325 1127 tenerOS,
1361 1070 1698 1128 molliusculos‚
1733 1071 1968 1134 glutinosae
2003 1072 2141 1118 fabri-

443 1167 535 1206 cae,
582 1165 775 1209 quorum
814 1149 1001 1195 conchae
1037 1149 1286 1209 crustaeque
1322 1148 1473 1208 postea
1509 1148 1703 1193 evadunt
1739 1148 1978 1192 admodum
2017 1148 2140 1194 durae

442 1227 502 1276 &⁷
528 1227 746 1286 lapideae,
784 1226 999 1286 similique
1036 1214 1173 1272 modo
1210 1226 1476 1274 animalcula
1512 1226 1707 1271 coralliis
1746 1225 2005 1279 insidentia,
2041 1225 2140 1271 hoec

443 1302 659 1349 durislima
692 1302 884 1347 formare
907 1299 1030 1362 posse
1056 1303 1260 1351 corallia:
1300 1302 1372 1348 sed
1395 1303 1443 1354 in
1465 1303 1598 1347 rebus
1624 1300 1895 1346 naturalibus
1921 1298 2139 1360 analogiae

442 1379 580 1425 fidere
613 1394 705 1424 non
740 1379 874 1439 licet,
910 1393 933 1423 a
969 1379 1114 1438 specie
1148 1379 1203 1424 ad
1236 1379 1427 1438 speciem
1461 1377 1842 1440 progrediendum
1870 1375 1958 1429 est,
1994 1377 2140 1421 omnis

443 1446 688 1502 similitudo
717 1455 938 1500 claudicat
954 1489 967 1505 ἢ
1005 1471 1089 1500 nec
1113 1470 1137 1499 a
1162 1455 1286 1513 posse
1311 1455 1365 1500 ad
1388 1454 1473 1499 effe
1496 1454 1612 1499 valet
1641 1453 1972 1510 consequentia,

502 1528 672 1574 Verum
714 1528 895 1587 quidem
931 1527 996 1574 est
1031 1528 1256 1586 conchylii
1292 1528 1445 1573 faetum
1472 1561 1488 1584 ‚
1533 1526 1673 1570 modo
1711 1541 1765 1571 ex
1811 1540 1899 1571 ovo
1947 1539 2144 1587 progna-

444 1617 565 1661 tum,
601 1620 696 1650 non
718 1605 861 1650 multo
886 1605 1112 1651 duriorem
1138 1604 1223 1650 effe
1247 1604 1527 1650 animalculis
1551 1605 1596 1648 in
1621 1603 1815 1649 coralliis
1840 1603 2141 1664 degentibus,

441 1681 516 1726 sed
551 1695 643 1726 tum
678 1683 807 1728 etiam
843 1681 937 1739 ejus
969 1682 1144 1722 concha
1167 1681 1238 1721 vel
1264 1680 1396 1731 testa,
1434 1690 1523 1735 qua
1547 1690 1649 1723 ante
1673 1681 1944 1723 nativitatem
1968 1677 2142 1721 investi·

441 1769 539 1812 tur,
576 1756 636 1801 est
672 1754 914 1800 admodum
953 1765 1133 1808 tenera,
1167 1766 1269 1811 quae
1303 1764 1394 1796 tum
1431 1751 1552 1810 pisce
1579 1752 1881 1806 increscente,
1919 1754 2140 1798 continuo

440 1830 638 1893 augescit
673 1829 725 1876 δε
757 1827 1014 1874 indurescit.
1473 1880 1478 1883 q

429 1892 434 1898 ⁷
506 1904 778 1965 Superficies
815 1903 940 1951 testae
980 1906 1196 1964 interior,
1243 1904 1415 1964 semper
1448 1902 1510 1948 est
1543 1902 1683 1961 polita
1715 1901 1766 1949 &
1799 1902 1947 1959 laevis,
1985 1917 2042 1949 ne
2076 1916 2141 1950 te·

440 1996 600 2030 nerum
636 1980 891 2026 animalculi
926 1995 1092 2039 eorpus
1119 2015 1131 2036 ‚
1177 1980 1232 2025 ab
1278 1980 1365 2025 ulla
1408 1978 1637 2038 asperitate
1684 1978 1957 2024 laederetur:
2005 1994 2140 2038 quem

443 2058 685 2106 admodum
723 2057 767 2103 id
801 2058 844 2102 in
882 2055 1083 2111 OstreiS‚
1129 2055 1348 2114 Mytulis,
1393 2054 1689 2112 omnibusque
1729 2053 1927 2098 cochleis
1960 2057 2139 2099 marinis

443 2136 561 2182 clare
583 2134 721 2181 videri
745 2133 889 2193 potest
912 2149 922 2177 :
959 2132 1032 2178 sed
1060 2134 1240 2178 ubinam
1270 2134 1366 2180 haec
1392 2133 1541 2178 omnia
1564 2132 1609 2176 in
1635 2129 1846 2175 Coralliis
1862 2131 1991 2175 sunt?
2029 2132 2140 2176 Ani-

443 2210 633 2257 malcula
668 2208 1025 2268 nunquamsunt
1059 2210 1104 2254 in
1141 2208 1394 2254 meditullio
1418 2205 1749 2252 Coralliorum:
1787 2204 1859 2249 sed
1882 2205 2053 2264 semper
2077 2205 2140 2251 se-

443 2286 551 2332 dent
574 2288 619 2331 in
646 2286 848 2345 apicibus
873 2284 942 2330 vel
967 2286 1082 2329 inter
1105 2286 1321 2329 corticem
1345 2281 1394 2328 ἃ
1419 2281 1713 2326 substantiam.
1783 2279 1933 2334 Cava,
1970 2294 2070 2337 quae
2093 2281 2139 2327 in

446 2363 657 2408 Coralli‘is
691 2365 975 2423 reperiuntur
1000 2397 1012 2416 ‚
1059 2361 1321 2407 intrinsecus
1356 2359 1502 2419 polita
1536 2372 1629 2403 non
1660 2356 1785 2411 sunt,
1819 2355 1892 2400 sed
1927 2357 2139 2418 angulosa

446 2435 496 2483 <Sc
531 2437 695 2495 aspera.
763 2437 963 2500 Exiguus
985 2435 1035 2483 ὃς
1064 2437 1254 2482 tenellus
1279 2435 1467 2481 Corallii
1492 2431 1762 2480 ramusculus
1780 2466 1794 2487 ,
1829 2447 2056 2490 nunquam
2080 2432 2140 2479 est

444 2512 622 2565 mollis,
657 2526 899 2571 tenerque,
939 2511 1011 2557 scd
1046 2513 1217 2557 ratione
1257 2510 1481 2565 crassitiei,
1517 2523 1645 2567 aeque
1677 2508 1810 2552 durus
1835 2522 1884 2552 ac
1910 2508 2052 2567 major
2069 2522 2139 2552 ra-

444 2590 573 2621 mus:
623 2577 791 2621 tenello
825 2576 1101 2634 ramusculo,
1141 2589 1287 2623 tamen
1319 2574 1581 2623 animalcula
1614 2587 1707 2619 non
1742 2574 1918 2619 minora
1941 2607 1956 2631 ‚
2005 2586 2138 2632 quam

387 2662 391 2664 ⁷
446 2649 583 2697 crasso
608 2665 730 2696 ramo
757 2651 1078 2697 adhaerescunt.

2016 2720 2134 2767 Mihi
