2262 3182
379 171 1009 239 TABULARUM
1102 190 1750 254 EXPLICATIO.
1851 227 1913 276 43

234 315 320 364 N0.
357 331 399 364 2.
433 314 485 364 &
523 329 563 375 3.
633 316 743 364 Duo
776 321 896 378 paria
931 317 1149 369 labiorum
1185 327 1469 377 exteriorum.

235 392 321 439 N0.
355 408 398 450 4.
444 389 548 435 Pars
583 390 685 436 labii
728 391 813 437 N0.
855 406 897 436 2.

231 463 315 513 ΝΟ.
352 476 395 523 5.
439 463 662 509 Antenna.
876 481 880 483 “

233 539 317 586 ΝΟ.
356 540 399 584 6.
437 537 482 584 &
518 552 560 598 7.
607 536 717 585 Duo
747 542 867 600 paria
902 540 1122 589 labiorum
1158 546 1434 597 interiorum.

232 613 314 661 N’.
356 612 398 657 8.
453 611 555 658 Una
585 616 775 673 partium
814 615 1110 677 oblongarum
1143 620 1188 664 in
1222 623 1373 670 medio
1407 625 1573 674 Cancri
1610 628 1794 696 capite,
1838 641 1904 687 in

300 699 366 730 ter
410 686 570 732 oculos
622 688 773 751 (Fig.
811 689 845 734 1.
879 687 923 735 &
958 692 1015 735 11.
1049 706 1085 736 c.
1113 706 1150 737 c.
1172 693 1202 755 J
1250 697 1442 743 anterius
1484 700 1601 747 binis
1647 709 1792 768 carpis
1837 712 1904 759 in

251 762 465 808 structa.

232 790 331 901 Fig.
368 837 493 884 V-n.
539 839 594 883 A.
643 838 807 884 Cancri
834 840 964 885 maris
991 855 1186 898 venter,
1225 844 1364 891 cauda
1386 843 1433 890 D
1458 845 1504 893 &
1529 849 1669 900 chelis
1689 857 1905 917 pedibus

298 926 386 972 que
419 913 462 956 in
499 912 645 971 primo
678 911 869 958 articulo
900 914 1132 974 abruptis·
1168 916 1350 973 quando
1372 932 1588 980 apparent

232 1007 274 1037 a,
318 988 538 1034 Foramen
573 986 627 1031 ad
662 1000 945 1035 excrementa
979 989 1210 1048 ejicienda.

231 1069 273 1114 b.
311 1066 352 1110 h.
394 1064 504 1108 Bina
536 1064 733 1109 membra
757 1064 932 1121 virilia,
966 1065 1274 1128 magnitudine
1297 1068 1453 1112 austa
1441 1083 1485 1114 m
1511 1069 1563 1116 B.

228 1157 281 1188 c.-
279 1139 337 1186 ‘.c
384 1136 502 1183 Duae
523 1137 752 1197 particulae
773 1137 1052 1197 amplificatae
1084 1142 1128 1183 in
1156 1139 1235 1194 C,
1271 1143 1481 1187 membris
1501 1147 1771 1204 genitalibus
1794 1169 1901 1214 pro

291 1215 411 1258 xime
448 1211 680 1270 subjeffle,
720 1223 903 1268 quarum
926 1222 1072 1256 tamen
1095 1211 1219 1257 usum
1242 1226 1312 1258 me
1335 1215 1542 1276 ignorare
1566 1219 1722 1270 fateor.

229 1290 328 1353 Fig.
366 1286 494 1336 VIII.
561 1285 616 1331 A.
651 1283 879 1329 Foemellae
909 1297 1100 1339 venter,
1135 1287 1276 1333 cauda
1297 1289 1333 1335 B
1357 1291 1496 1338 chelis
1519 1296 1804 1362 pedibusque
1827 1307 1906 1353 ab·

293 1365 468 1426 ruptis,
508 1361 688 1422 quando
712 1359 754 1406 se
777 1359 1093 1421 conspicienda
1116 1361 1311 1411 offerunt

225 1460 270 1492 a.
313 1440 455 1487 Anus.

224 1518 265 1563 h.
301 1516 342 1560 b.
388 1511 500 1574 Duo
532 1511 748 1557 foramina
769 1510 1000 1556 muliebria
1022 1512 1138 1557 binis
1159 1513 1368 1560 membris
1391 1519 1659 1577 genitalibus
1682 1526 1814 1571 maris
1837 1527 1904 1572 in·

289 1570 485 1635 serendis
519 1584 899 1639 accommodata,
934 1584 988 1629 ad
1027 1587 1199 1633 tertiam
1225 1589 1391 1633 ventris
1417 1591 1666 1643 incisuram.

224 1666 278 1712 Β
327 1661 482 1710 Cauda
513 1660 663 1721 hujus.
675 1660 883 1705 foemellae
917 1662 961 1705 in
996 1660 1069 1706 sex
1102 1661 1309 1709 discreta·
1324 1665 1577 1726 incisuras,
1612 1671 1659 1718 δε
1688 1673 1744 1746 ad
1766 1673 1903 1747 latera

223 1739 232 1760 ²
287 1737 389 1798 pilis
424 1733 598 1789 oblita,
633 1734 685 1778 ab
712 1728 933 1778 exteriore
953 1744 1079 1791 parte
1102 1732 1446 1795 conspicienda.

227 1811 283 1857 C.
338 1809 442 1855 Pars
477 1810 662 1855 interior
695 1805 890 1868 ejusdem
932 1804 1085 1851 caudae
1118 1839 1133 1862 ,
1177 1807 1253 1852 ubi
1287 1811 1496 1870 utrinque
1528 1828 1721 1874 quatuor
1753 1819 1897 1900 pedes

289 1885 495 1946 natatorii
519 1883 721 1943 duplices
747 1893 1046 1941 comparent,
1081 1883 1419 1965 notandumque
1441 1894 1707 1952 praecipue,
1722 1893 1785 1942 in
1802 1892 1899 1943 ’.ωε

288 1959 403 2008 rium
427 1956 578 2002 caudis
602 1957 741 2017 pedes
766 1956 848 2000 hos
873 1969 964 1999 non
973 1956 1191 2028 repe1iri.

214 2020 287 2080 D.
320 2017 416 2077 Pes
438 2029 711 2080 Natatorius
735 2010 974 2076 Foemellae
1006 2029 1315 2095 microscopio
1347 2034 1651 2127 perlustratus,

872 2219 1040 2271 Tabula
1073 2215 1251 2273 fania.

1437 2385 1503 2395 ,,,,,

219 2401 320 2463 Fig.
366 2399 400 2446 1.
469 2398 684 2460 Squillam‘
727 2381 935 2448 Batavum
978 2401 1124 2449 'vivam
1157 2387 1204 2459 ,”
1227 2414 1417 2467 eamque
1459 2419 1625 2490 marem
1640 2377 1888 2471 natantem

284 2471 430 2520 offert.

224 2562 263 2626 ᾳ.
271 2537 411 2596 Bina
420 2536 586 2645 nedum
600 2553 870 2601 anteriorum
881 2522 1033 2615 naria,
1057 2552 1345 2614 sequentibus
1367 2523 1570 2607 tenuiora
1583 2549 1629 2607 &
1638 2536 1892 2624 graciliora.

1075 2626 1114 2673 F
1150 2643 1179 2675 ρ,
1703 2634 1746 2679 h.
1780 2633 1890 2679 Bina
