2262 3182
359 176 416 222 32
814 152 1610 204 OPUSCULA

363 294 562 354 superat,
600 291 643 337 εἷκε
661 324 672 345 ‚
708 285 830 347 quod
864 286 1111 333 mirandum
1139 320 1152 340 ‚
1187 301 1279 334 non
1306 288 1350 332 in
1374 287 1481 332 mari
1507 283 1644 331 solum
1671 280 1716 328 δε
1737 280 1852 328 fossis
1875 280 2030 327 subsal-

363 370 413 414 (ῖς
439 403 451 422 ‚
500 365 570 408 sed
604 366 647 407 in
682 361 887 406 dulcibus
922 364 1051 407 etiarn
1086 361 1231 406 fluviis
1255 395 1269 416 ‚
1321 363 1429 419 quin
1465 358 1510 405 ἅ
1543 359 1588 402 in
1619 357 1794 417 piscinis
1821 389 1834 410 ,
1879 355 2028 416 (tunc

361 454 468 486 vero
504 437 546 480 hi
580 435 753 495 pulices
792 435 968 479 marinis
1002 436 1195 481 minores
1230 434 1361 497 sunt)
1398 436 1624 494 praecipue
1658 445 1802 476 tamen
1836 432 1951 475 inter
1981 429 2028 475 &

362 516 436 561 sub
471 512 580 573 algae
613 511 789 555 marinae
811 542 824 563 ‚
872 511 917 553 in
956 509 1176 568 lapidibus
1213 509 1267 554 ad
1304 522 1518 570 aggerum
1550 507 1819 551 marinorum
1858 505 2028 551 radices

361 585 598 630 crescentis
621 616 635 636 7
671 581 789 626 foliis
827 580 1032 625 versatur.

431 660 682 707 Posteriora
721 658 924 716 corporis
974 655 1137 701 reflexa
1181 655 1351 715 semper
1391 667 1548 711 tenet,
1597 655 1673 700 nisi
1708 653 1858 698 saltum
1895 654 2031 699 faetu-

363 749 435 780 rus
461 771 473 793 ‚
521 730 699 792 quando
745 728 787 773 se
835 729 1076 784 extendit,
1121 726 1167 773 &
1202 744 1307 775 mox
1347 729 1618 776 confiecftens
1651 726 1893 787 longissime
1927 741 2033 786 pro·

359 810 456 856 silit.
2021 850 2023 852 ,

429 879 500 926 Ad
536 879 912 925 art-isiciosissimam
944 879 1187 936 miramque
1215 876 1340 936 hujus
1371 874 1620 925 animalculi
1642 873 1850 919 fabricam
1874 906 1888 928 ‚
1924 871 2034 931 ejus7

374 970 462 1016 que
496 967 642 1014 partes
665 953 806 1012 probe
832 949 1200 1009 contemplandas
1225 983 1238 1003 ‚
1274 950 1575 1006 microscopio
1600 949 1783 993 omnino
1808 960 1919 1005 opus
1945 946 2030 1003 est,

174 1027 553 1093 TalelsslUUUdO
587 1026 735 1072 testam
772 1024 1109 1083 quatuordecim
1142 1022 1340 1068 incisuris
1375 1009 1571 1069 constare
1604 1023 1785 1081 patebit.
1853 1020 1942 1066 Sub
1969 1021 2036 1066 his

175 1104 345 1166 fig.V11.
374 1103 573 1151 incisuris
609 1101 906 1161 superioribus
943 1100 1136 1143 anterius
1169 1100 1213 1141 in
1247 1099 1429 1156 pectore
1459 1100 1667 1152 utrinque
1701 1096 1867 1155 septem
1891 1098 2032 1142 milio·

369 1192 441 1222 res
463 1212 477 1233 ,
515 1173 560 1219 &
594 1174 670 1229 sub
703 1171 787 1215 illis
820 1170 923 1214 alias
959 1169 1156 1227 quinque
1189 1168 1373 1227 majores
1407 1168 1666 1227 conspicies.

177 1265 360 1316 133,an
437 1249 588 1306 Caput
612 1240 866 1289 animalculi
891 1241 1029 1294 laeve,
1065 1241 1316 1286 orbiculare
1340 1274 1356 1297 ,
1392 1241 1446 1284 ad
1468 1241 1601 1284 latera
1622 1240 1764 1285 oculis
1785 1243 1899 1286 binis
1920 1258 2032 1301 prae·

181 1329 214 1356 1.
368 1321 610 1385 grandibus
634 1350 648 1371 ‚
684 1314 728 1360 ἃ
761 1330 785 1359 a
819 1315 967 1358 fronte
1000 1314 1114 1357 binis
1148 1314 1350 1359 antennis
1375 1345 1388 1367 ‚
1423 1313 1629 1371 binisque
1661 1315 1784 1358 cirris
1805 1315 2035 1363 instustum

367 1399 443 1444 est.
523 1395 744 1439 Antennae
789 1390 987 1449 quinque
1013 1422 1026 1443 ‚
1074 1390 1177 1433 cirri
1215 1401 1301 1433 tres
1334 1387 1498 1432 habent
1533 1387 1756 1433 articulos.
1833 1387 2037 1436 Infimum

368 1472 617 1520 membrum
654 1466 824 1524 reliqua
859 1463 1038 1510 craffitie
1074 1464 1246 1523 superat
1281 1497 1295 1519 ‚
1340 1462 1577 1506 secundum
1611 1461 1788 1505 brevius
1818 1461 1952 1520 paulo
1989 1462 2034 1509 δε

372 1550 550 1595 tenuius
591 1544 651 1589 cst
685 1575 698 1596 ,
746 1542 921 1587 tertium
965 1528 1161 1582 secundo
1198 1536 1374 1580 brevius
1410 1532 1454 1578 ἅ
1488 1533 1644 1578 exilius
1668 1567 1681 1588 ,
1723 1532 1796 1577 sed
1831 1547 2033 1590 quartum

374 1621 514 1667 tribus
557 1613 780 1675 prioribus
826 1610 1006 1671 longius
1045 1610 1106 1655 est
1129 1643 1143 1665 ‚
1190 1606 1235 1653 &
1265 1607 1579 1667 septemdecim
1614 1607 1783 1653 constat
1814 1609 1999 1657 annellis
2020 1644 2034 1667 ‚

375 1696 525 1742 senfim
563 1685 935 1736 decrescentibus.
2099 1670 2101 1672 ¹

445 1770 611 1816 Subtus
646 1763 778 1825 paulo
813 1761 910 1823 post
944 1759 1178 1806 incisuram
1200 1794 1215 1816 ‚
1262 1771 1360 1818 quae
1395 1767 1526 1816 caput
1562 1756 1740 1815 corpori
1775 1758 1998 1802 connectit
2021 1791 2035 1814 ,

372 1846 470 1891 duce
515 1845 675 1888 breves
719 1838 764 1884 ὃς
802 1851 826 1882 e
859 1837 1036 1882 duobus
1081 1836 1250 1880 tantum
1282 1833 1476 1879 articulis
1510 1830 1763 1890 compositae
1797 1844 2038 1878 cernuntur

372 1934 519 1982 partes
541 1950 556 1972 ‚
590 1929 689 1975 quae
716 1912 991 1970 caeteroquin
1015 1909 1237 1968 ejusdem,
1271 1920 1404 1965 atque
1430 1906 1688 1951 Astaeorum
1711 1904 1915 1961 brachia,
1949 1906 2035 1952 esse

375 1995 584 2043 videntur
617 1990 838 2035 struEturae
875 1984 920 2029 &
955 1984 1068 2028 usus.

187 2095 370 2138 TabffH·
454 2065 557 2111 Post
604 2063 708 2107 hoec
751 2057 932 2103 brachia
977 2055 1184 2112 utrinque
1217 2052 1321 2097 bina
1355 2048 1520 2109 pedum
1556 2047 1788 2092 crassorum
1823 2052 2040 2111 uncisque

187 2144 518 2200 fig.V111.acutis
562 2149 827 2189 armatorum
877 2131 1213 2192 conspiciuntur
1256 2128 1375 2187 paria
1398 2160 1411 2181 ‚
1460 2140 1559 2184 quae
1591 2124 1699 2169 escte
1733 2123 1960 2182 captandae
1992 2125 2065 2172 ἕρ

193 2210 233 2239 ²·
377 2215 619 2266 retinendae
653 2212 739 2258 illis
772 2210 1060 2262 inserviunt,
1105 2219 1154 2251 ut
1186 2204 1446 2250 Astacorum
1484 2198 1529 2245 &
1573 2200 1848 2245 Cancrorum
1884 2198 2038 2249 chelae‘

381 2296 521 2342 Unco
553 2304 686 2337 acuto
723 2287 857 2350 paulo
893 2285 1077 2330 inferius
1103 2316 1116 2338 ,
1149 2293 1338 2340 quatuor
1362 2280 1407 2322 in
1432 2276 1498 2320 his
1521 2275 1710 2335 pedibus
1733 2271 1942 2330 cuspidati
1965 2288 2041 2333 ap-

384 2374 539 2429 parent
571 2351 726 2411 dentes
764 2362 792 2425 (
815 2359 1031 2406 velutiin
1067 2357 1285 2403 anteriore
1321 2350 1454 2414 grillo
1478 2375 1494 2382 -
1518 2349 1644 2409 talpae
1680 2347 1877 2407 ungue)
1926 2359 2041 2403 qnos

387 2443 618 2502 praedic‘lus
649 2438 812 2500 unguis
839 2425 1050 2497 obtegit,
1083 2431 1143 2476 ita
1166 2425 1451 2488 ut‘quicquid
1475 2426 1589 2470 inter
1611 2422 1713 2469 illos
1737 2432 1914 2478 tenent,
1949 2434 2042 2466 non

390 2517 519 2563 facile
554 2516 666 2561 elabi
701 2513 841 2577 possit.

1944 2568 2054 2615 Bina
