<?xml version="1.0" encoding="UTF-8"?>
<!DOCTYPE html PUBLIC "-//W3C//DTD XHTML 1.0 Transitional//EN"
    "http://www.w3.org/TR/xhtml1/DTD/xhtml1-transitional.dtd">
<html xmlns="http://www.w3.org/1999/xhtml" xml:lang="en" lang="en">
 <head>
  <title>
</title>
<meta http-equiv="Content-Type" content="text/html;charset=utf-8" />
  <meta name='ocr-system' content='tesseract 3.04.00' />
  <meta name='ocr-capabilities' content='ocr_page ocr_carea ocr_par ocr_line ocrx_word'/>
</head>
<body>
  <div class='ocr_page' id='page_1' title='image "./jobibasteriopusc00bast_0249.png"; bbox 0 0 2262 3182; ppageno 0'>
   <div class='ocr_carea' id='block_1_1' title="bbox 595 158 1880 233">
    <p class='ocr_par' dir='ltr' id='par_1_1' title="bbox 595 158 1880 233">
     <span class='ocr_line' id='line_1_1' title="bbox 595 158 1880 233; baseline -0.004 -25"><span class='ocrx_word' id='word_1_1' title='bbox 595 158 1464 233; x_wconf 36' lang='lat' dir='ltr'>sussksEC‘rVA.</span> <span class='ocrx_word' id='word_1_2' title='bbox 1811 169 1880 230; x_wconf 61' lang='lat'>&gt;55</span> 
     </span>
    </p>
   </div>
   <div class='ocr_carea' id='block_1_2' title="bbox 199 289 2063 1107">
    <p class='ocr_par' dir='ltr' id='par_1_2' title="bbox 199 289 1887 426">
     <span class='ocr_line' id='line_1_2' title="bbox 199 289 1882 353; baseline 0.003 -16"><span class='ocrx_word' id='word_1_3' title='bbox 199 303 204 307; x_wconf 81' lang='grc'><strong><em>’</em></strong></span> <span class='ocrx_word' id='word_1_4' title='bbox 274 293 357 339; x_wconf 85' lang='lat' dir='ltr'>Per</span> <span class='ocrx_word' id='word_1_5' title='bbox 390 289 510 338; x_wconf 85' lang='lat' dir='ltr'>Anni</span> <span class='ocrx_word' id='word_1_6' title='bbox 552 295 671 351; x_wconf 78' lang='lat'>1762</span> <span class='ocrx_word' id='word_1_7' title='bbox 709 290 796 353; x_wconf 81' lang='lat' dir='ltr'>(e)</span> <span class='ocrx_word' id='word_1_8' title='bbox 841 289 1030 336; x_wconf 63' lang='lat' dir='ltr'>restarem</span> <span class='ocrx_word' id='word_1_9' title='bbox 1065 289 1239 336; x_wconf 86' lang='lat' dir='ltr'>insolita</span> <span class='ocrx_word' id='word_1_10' title='bbox 1272 291 1406 351; x_wconf 81' lang='lat' dir='ltr'>plane</span> <span class='ocrx_word' id='word_1_11' title='bbox 1435 289 1487 338; x_wconf 72' lang='grc' dir='ltr'>ἃ.</span> <span class='ocrx_word' id='word_1_12' title='bbox 1519 289 1727 350; x_wconf 69' lang='lat' dir='ltr'>infinitas,</span> <span class='ocrx_word' id='word_1_13' title='bbox 1774 309 1882 345; x_wconf 81' lang='lat' dir='ltr'>mox</span> 
     </span>
     <span class='ocr_line' id='line_1_3' title="bbox 209 363 1887 426; baseline 0.005 -16"><span class='ocrx_word' id='word_1_14' title='bbox 209 363 590 426; x_wconf 83' lang='lat' dir='ltr'>describendarum</span> <span class='ocrx_word' id='word_1_15' title='bbox 628 365 819 408; x_wconf 79' lang='lat' dir='ltr'>maxime</span> <span class='ocrx_word' id='word_1_16' title='bbox 839 397 853 417; x_wconf 88' lang='lat'>‚</span> <span class='ocrx_word' id='word_1_17' title='bbox 891 365 1177 411; x_wconf 76' lang='lat' dir='ltr'>Medus-arum</span> <span class='ocrx_word' id='word_1_18' title='bbox 1215 382 1307 412; x_wconf 87' lang='lat' dir='ltr'>erat</span> <span class='ocrx_word' id='word_1_19' title='bbox 1332 370 1497 426; x_wconf 82' lang='lat' dir='ltr'>copia:</span> <span class='ocrx_word' id='word_1_20' title='bbox 1532 370 1576 414; x_wconf 90' lang='lat' dir='ltr'>in</span> <span class='ocrx_word' id='word_1_21' title='bbox 1602 369 1774 416; x_wconf 76' lang='lat' dir='ltr'>refluxu</span> <span class='ocrx_word' id='word_1_22' title='bbox 1796 386 1887 419; x_wconf 60' lang='lat' dir='ltr'>ma*-</span> 
     </span>
    </p>

    <p class='ocr_par' dir='ltr' id='par_1_3' title="bbox 206 438 2063 735">
     <span class='ocr_line' id='line_1_4' title="bbox 207 438 1887 507; baseline 0.005 -22"><span class='ocrx_word' id='word_1_23' title='bbox 207 442 267 486; x_wconf 89' lang='lat' dir='ltr'>ris</span> <span class='ocrx_word' id='word_1_24' title='bbox 298 453 378 499; x_wconf 87' lang='lat' dir='ltr'>per</span> <span class='ocrx_word' id='word_1_25' title='bbox 410 438 560 483; x_wconf 77' lang='lat' dir='ltr'>littora</span> <span class='ocrx_word' id='word_1_26' title='bbox 596 451 871 499; x_wconf 72' lang='lat' dir='ltr'><strong>aggeresque</strong></span> <span class='ocrx_word' id='word_1_27' title='bbox 905 441 1235 487; x_wconf 81' lang='lat' dir='ltr'>ambulantibus</span> <span class='ocrx_word' id='word_1_28' title='bbox 1270 443 1424 489; x_wconf 82' lang='lat' dir='ltr'>multae</span> <span class='ocrx_word' id='word_1_29' title='bbox 1458 445 1675 501; x_wconf 83' lang='lat' dir='ltr'>myriades</span> <span class='ocrx_word' id='word_1_30' title='bbox 1707 447 1887 507; x_wconf 86' lang='lat' dir='ltr'>conspi-</span> 
     </span>
     <span class='ocr_line' id='line_1_5' title="bbox 207 512 2015 581; baseline 0.002 -18"><span class='ocrx_word' id='word_1_31' title='bbox 207 517 451 563; x_wconf 76' lang='lat' dir='ltr'>ciebantur.</span> <span class='ocrx_word' id='word_1_32' title='bbox 541 512 822 570; x_wconf 75' lang='lat' dir='ltr'>Piscatores,</span> <span class='ocrx_word' id='word_1_33' title='bbox 866 517 944 573; x_wconf 87' lang='lat' dir='ltr'>qui</span> <span class='ocrx_word' id='word_1_34' title='bbox 987 529 1134 575; x_wconf 83' lang='lat' dir='ltr'>prope</span> <span class='ocrx_word' id='word_1_35' title='bbox 1173 515 1324 562; x_wconf 84' lang='lat' dir='ltr'>littora</span> <span class='ocrx_word' id='word_1_36' title='bbox 1355 531 1577 577; x_wconf 83' lang='lat' dir='ltr'>captant,</span> <span class='ocrx_word' id='word_1_37' title='bbox 1622 520 1888 568; x_wconf 83' lang='lat' dir='ltr'>nostratibus</span> <span class='ocrx_word' id='word_1_38' title='bbox 2003 576 2015 581; x_wconf 46' lang='grc'><strong><em>,</em></strong></span> 
     </span>
     <span class='ocr_line' id='line_1_6' title="bbox 206 590 2063 655; baseline 0.005 -18"><span class='ocrx_word' id='word_1_39' title='bbox 206 590 376 637; x_wconf 65' lang='lat' dir='ltr'>lem-ders</span> <span class='ocrx_word' id='word_1_40' title='bbox 412 590 520 638; x_wconf 62' lang='lat' dir='ltr'>dieti</span> <span class='ocrx_word' id='word_1_41' title='bbox 545 625 560 647; x_wconf 81' lang='lat'>‚</span> <span class='ocrx_word' id='word_1_42' title='bbox 605 593 715 637; x_wconf 87' lang='lat' dir='ltr'>retia</span> <span class='ocrx_word' id='word_1_43' title='bbox 751 592 951 639; x_wconf 76' lang='lat' dir='ltr'>Medulis</span> <span class='ocrx_word' id='word_1_44' title='bbox 980 593 1112 653; x_wconf 87' lang='lat' dir='ltr'>plena</span> <span class='ocrx_word' id='word_1_45' title='bbox 1147 594 1473 652; x_wconf 77' lang='lat' dir='ltr'>extrahebant,</span> <span class='ocrx_word' id='word_1_46' title='bbox 1507 595 1786 655; x_wconf 84' lang='lat' dir='ltr'>pauciffimos</span> <span class='ocrx_word' id='word_1_47' title='bbox 1816 613 1888 645; x_wconf 82' lang='lat' dir='ltr'>ca·</span> <span class='ocrx_word' id='word_1_48' title='bbox 1982 628 2001 642; x_wconf 82' lang='lat'>.-</span> <span class='ocrx_word' id='word_1_49' title='bbox 2047 606 2063 623; x_wconf 69' lang='lat'><strong><em>⁹</em></strong></span> 
     </span>
     <span class='ocr_line' id='line_1_7' title="bbox 207 665 1888 735; baseline 0.007 -25"><span class='ocrx_word' id='word_1_50' title='bbox 207 666 385 725; x_wconf 85' lang='lat' dir='ltr'><strong>pientes</strong></span> <span class='ocrx_word' id='word_1_51' title='bbox 417 665 574 725; x_wconf 84' lang='lat' dir='ltr'><strong>pisces.</strong></span> <span class='ocrx_word' id='word_1_52' title='bbox 644 665 766 712; x_wconf 72' lang='lat' dir='ltr'>&#39;Num</span> <span class='ocrx_word' id='word_1_53' title='bbox 806 681 916 729; x_wconf 79' lang='lat' dir='ltr'>ergo</span> <span class='ocrx_word' id='word_1_54' title='bbox 950 667 1048 714; x_wconf 78' lang='lat' dir='ltr'>haec</span> <span class='ocrx_word' id='word_1_55' title='bbox 1082 668 1370 718; x_wconf 81' lang='lat' dir='ltr'>Medusarum</span> <span class='ocrx_word' id='word_1_56' title='bbox 1409 675 1541 733; x_wconf 84' lang='lat' dir='ltr'>copia</span> <span class='ocrx_word' id='word_1_57' title='bbox 1564 708 1578 730; x_wconf 87' lang='lat'>‚</span> <span class='ocrx_word' id='word_1_58' title='bbox 1613 677 1888 735; x_wconf 75' lang='lat' dir='ltr'>proprietate</span> 
     </span>
    </p>

    <p class='ocr_par' dir='ltr' id='par_1_4' title="bbox 204 740 1892 1107">
     <span class='ocr_line' id='line_1_8' title="bbox 208 740 1892 808; baseline 0.008 -21"><span class='ocrx_word' id='word_1_59' title='bbox 208 740 282 788; x_wconf 89' lang='lat' dir='ltr'>sua</span> <span class='ocrx_word' id='word_1_60' title='bbox 323 743 522 789; x_wconf 86' lang='lat' dir='ltr'>venefica</span> <span class='ocrx_word' id='word_1_61' title='bbox 555 741 601 788; x_wconf 68' lang='grc' dir='ltr'>ὅ(</span> <span class='ocrx_word' id='word_1_62' title='bbox 635 743 849 796; x_wconf 78' lang='lat' dir='ltr'>ardente,</span> <span class='ocrx_word' id='word_1_63' title='bbox 883 742 996 788; x_wconf 81' lang='lat' dir='ltr'>alios</span> <span class='ocrx_word' id='word_1_64' title='bbox 1029 744 1260 805; x_wconf 81' lang='lat' dir='ltr'>fugaverat</span> <span class='ocrx_word' id='word_1_65' title='bbox 1296 747 1479 807; x_wconf 74' lang='lat' dir='ltr'>pisces?</span> <span class='ocrx_word' id='word_1_66' title='bbox 1549 750 1622 797; x_wconf 83' lang='lat' dir='ltr'>Au</span> <span class='ocrx_word' id='word_1_67' title='bbox 1642 765 1750 798; x_wconf 85' lang='lat' dir='ltr'>vero</span> <span class='ocrx_word' id='word_1_68' title='bbox 1774 786 1788 808; x_wconf 72' lang='lat'>‚</span> <span class='ocrx_word' id='word_1_69' title='bbox 1824 757 1892 801; x_wconf 60' lang='lat' dir='ltr'>im</span> 
     </span>
     <span class='ocr_line' id='line_1_9' title="bbox 209 817 1891 885; baseline 0.007 -21"><span class='ocrx_word' id='word_1_70' title='bbox 209 820 333 882; x_wconf 88' lang='lat' dir='ltr'>genti</span> <span class='ocrx_word' id='word_1_71' title='bbox 378 818 449 863; x_wconf 86' lang='lat' dir='ltr'>sua</span> <span class='ocrx_word' id='word_1_72' title='bbox 494 817 781 863; x_wconf 87' lang='lat' dir='ltr'>multitudine</span> <span class='ocrx_word' id='word_1_73' title='bbox 811 851 826 872; x_wconf 82' lang='lat'>‚</span> <span class='ocrx_word' id='word_1_74' title='bbox 873 817 1131 866; x_wconf 82' lang='lat' dir='ltr'>alimentum</span> <span class='ocrx_word' id='word_1_75' title='bbox 1157 858 1171 879; x_wconf 89' lang='lat'>‚</span> <span class='ocrx_word' id='word_1_76' title='bbox 1218 823 1344 882; x_wconf 88' lang='lat' dir='ltr'>quod</span> <span class='ocrx_word' id='word_1_77' title='bbox 1388 825 1432 870; x_wconf 90' lang='lat' dir='ltr'>hi</span> <span class='ocrx_word' id='word_1_78' title='bbox 1465 836 1676 885; x_wconf 82' lang='lat' dir='ltr'>appetere</span> <span class='ocrx_word' id='word_1_79' title='bbox 1709 828 1853 876; x_wconf 84' lang='lat' dir='ltr'>solent</span> <span class='ocrx_word' id='word_1_80' title='bbox 1877 864 1891 884; x_wconf 85' lang='lat'>‚</span> 
     </span>
     <span class='ocr_line' id='line_1_10' title="bbox 204 892 1888 964; baseline 0.005 -22"><span class='ocrx_word' id='word_1_81' title='bbox 204 896 409 943; x_wconf 86' lang='lat' dir='ltr'>faucibus</span> <span class='ocrx_word' id='word_1_82' title='bbox 444 908 600 941; x_wconf 89' lang='lat' dir='ltr'>eorum</span> <span class='ocrx_word' id='word_1_83' title='bbox 636 892 753 953; x_wconf 74' lang='lat' dir='ltr'>quasi</span> <span class='ocrx_word' id='word_1_84' title='bbox 788 895 1156 954; x_wconf 53' lang='lat' dir='ltr'>praeripuerunt?</span> <span class='ocrx_word' id='word_1_85' title='bbox 1181 897 1328 961; x_wconf 41' lang='lat' dir='ltr'>stEgo</span> <span class='ocrx_word' id='word_1_86' title='bbox 1363 901 1410 946; x_wconf 90' lang='lat' dir='ltr'>in</span> <span class='ocrx_word' id='word_1_87' title='bbox 1444 900 1625 964; x_wconf 84' lang='lat' dir='ltr'>fingulis</span> <span class='ocrx_word' id='word_1_88' title='bbox 1647 903 1888 963; x_wconf 84' lang='lat' dir='ltr'>aliquando</span> 
     </span>
     <span class='ocr_line' id='line_1_11' title="bbox 209 968 1888 1040; baseline 0.005 -23"><span class='ocrx_word' id='word_1_89' title='bbox 209 971 413 1018; x_wconf 86' lang='lat' dir='ltr'>candidis</span> <span class='ocrx_word' id='word_1_90' title='bbox 459 968 666 1016; x_wconf 66' lang='lat' dir='ltr'>Medusae</span> <span class='ocrx_word' id='word_1_91' title='bbox 699 970 909 1015; x_wconf 82' lang='lat' dir='ltr'>cruciatae</span> <span class='ocrx_word' id='word_1_92' title='bbox 943 970 1118 1016; x_wconf 79' lang='lat' dir='ltr'>annulis</span> <span class='ocrx_word' id='word_1_93' title='bbox 1140 1004 1157 1030; x_wconf 83' lang='lat'>,</span> <span class='ocrx_word' id='word_1_94' title='bbox 1182 973 1409 1033; x_wconf 86' lang='lat' dir='ltr'>.pulicem</span> <span class='ocrx_word' id='word_1_95' title='bbox 1446 979 1665 1024; x_wconf 83' lang='lat' dir='ltr'>marinum</span> <span class='ocrx_word' id='word_1_96' title='bbox 1708 983 1888 1040; x_wconf 88' lang='lat' dir='ltr'>reperi:</span> 
     </span>
     <span class='ocr_line' id='line_1_12' title="bbox 210 1044 1486 1107; baseline 0.004 -12"><span class='ocrx_word' id='word_1_97' title='bbox 210 1048 396 1096; x_wconf 81' lang='lat' dir='ltr'>Amicus</span> <span class='ocrx_word' id='word_1_98' title='bbox 431 1046 613 1106; x_wconf 87' lang='lat' dir='ltr'>quidam</span> <span class='ocrx_word' id='word_1_99' title='bbox 645 1048 865 1107; x_wconf 81' lang='lat' dir='ltr'>integram</span> <span class='ocrx_word' id='word_1_100' title='bbox 899 1044 1063 1092; x_wconf 83' lang='lat' dir='ltr'>soleam</span> <span class='ocrx_word' id='word_1_101' title='bbox 1099 1048 1486 1099; x_wconf 86' lang='lat' dir='ltr'>circumvolutam.</span> 
     </span>
    </p>
   </div>
   <div class='ocr_carea' id='block_1_3' title="bbox 211 1132 1894 1578">
    <p class='ocr_par' dir='ltr' id='par_1_5' title="bbox 211 1132 1894 1578">
     <span class='ocr_line' id='line_1_13' title="bbox 284 1132 1892 1205; baseline 0.005 -25"><span class='ocrx_word' id='word_1_102' title='bbox 284 1134 488 1180; x_wconf 81' lang='lat' dir='ltr'>Maxime</span> <span class='ocrx_word' id='word_1_103' title='bbox 531 1143 677 1177; x_wconf 89' lang='lat' dir='ltr'>tamen</span> <span class='ocrx_word' id='word_1_104' title='bbox 719 1132 945 1178; x_wconf 78' lang='lat' dir='ltr'>insolitum</span> <span class='ocrx_word' id='word_1_105' title='bbox 979 1135 1058 1179; x_wconf 83' lang='lat' dir='ltr'>illo</span> <span class='ocrx_word' id='word_1_106' title='bbox 1090 1149 1183 1181; x_wconf 84' lang='lat' dir='ltr'>erat</span> <span class='ocrx_word' id='word_1_107' title='bbox 1215 1153 1334 1186; x_wconf 83' lang='lat' dir='ltr'>anno</span> <span class='ocrx_word' id='word_1_108' title='bbox 1358 1173 1372 1194; x_wconf 80' lang='lat'>,</span> <span class='ocrx_word' id='word_1_109' title='bbox 1417 1143 1541 1200; x_wconf 88' lang='lat' dir='ltr'>quod</span> <span class='ocrx_word' id='word_1_110' title='bbox 1574 1145 1643 1189; x_wconf 89' lang='lat' dir='ltr'>vel</span> <span class='ocrx_word' id='word_1_111' title='bbox 1677 1147 1722 1190; x_wconf 87' lang='lat' dir='ltr'>in</span> <span class='ocrx_word' id='word_1_112' title='bbox 1757 1145 1892 1205; x_wconf 75' lang='lat' dir='ltr'>Spar-a</span> 
     </span>
     <span class='ocr_line' id='line_1_14' title="bbox 211 1205 1892 1272; baseline 0.004 -14"><span class='ocrx_word' id='word_1_113' title='bbox 211 1212 350 1258; x_wconf 75' lang='lat' dir='ltr'>fluvio</span> <span class='ocrx_word' id='word_1_114' title='bbox 387 1211 414 1272; x_wconf 70' lang='grc' dir='ltr'>ζ</span> <span class='ocrx_word' id='word_1_115' title='bbox 426 1210 503 1268; x_wconf 88' lang='lat' dir='ltr'>qui</span> <span class='ocrx_word' id='word_1_116' title='bbox 537 1208 675 1253; x_wconf 85' lang='lat' dir='ltr'>tribus</span> <span class='ocrx_word' id='word_1_117' title='bbox 710 1205 889 1253; x_wconf 86' lang='lat' dir='ltr'>diversae</span> <span class='ocrx_word' id='word_1_118' title='bbox 928 1212 1244 1271; x_wconf 79' lang='lat' dir='ltr'>magnitudinis</span> <span class='ocrx_word' id='word_1_119' title='bbox 1279 1215 1504 1263; x_wconf 72' lang='lat' dir='ltr'>emissariis</span> <span class='ocrx_word' id='word_1_120' title='bbox 1538 1218 1625 1264; x_wconf 80' lang='lat' dir='ltr'>five</span> <span class='ocrx_word' id='word_1_121' title='bbox 1663 1220 1892 1267; x_wconf 59' lang='lat' dir='ltr'>cataraciis</span> 
     </span>
     <span class='ocr_line' id='line_1_15' title="bbox 215 1279 1893 1352; baseline 0.004 -20"><span class='ocrx_word' id='word_1_122' title='bbox 215 1285 274 1332; x_wconf 82' lang='lat' dir='ltr'>1ae</span> <span class='ocrx_word' id='word_1_123' title='bbox 319 1285 404 1331; x_wconf 85' lang='lat' dir='ltr'>five</span> <span class='ocrx_word' id='word_1_124' title='bbox 450 1283 561 1329; x_wconf 83' lang='lat' dir='ltr'>Edae</span> <span class='ocrx_word' id='word_1_125' title='bbox 595 1279 880 1327; x_wconf 65' lang='lat' dir='ltr'>conneciitur</span> <span class='ocrx_word' id='word_1_126' title='bbox 904 1316 918 1337; x_wconf 86' lang='lat'><strong>‚</strong></span> <span class='ocrx_word' id='word_1_127' title='bbox 964 1282 1014 1330; x_wconf 71' lang='grc' dir='ltr'>δε</span> <span class='ocrx_word' id='word_1_128' title='bbox 1048 1287 1203 1332; x_wconf 87' lang='lat' dir='ltr'>urbem</span> <span class='ocrx_word' id='word_1_129' title='bbox 1238 1287 1496 1338; x_wconf 86' lang='lat' dir='ltr'>Harlemum</span> <span class='ocrx_word' id='word_1_130' title='bbox 1532 1293 1755 1352; x_wconf 87' lang='lat' dir='ltr'>perfluens</span> <span class='ocrx_word' id='word_1_131' title='bbox 1778 1330 1791 1349; x_wconf 84' lang='lat'><strong>‚</strong></span> <span class='ocrx_word' id='word_1_132' title='bbox 1838 1298 1893 1341; x_wconf 85' lang='lat' dir='ltr'>ad</span> 
     </span>
     <span class='ocr_line' id='line_1_16' title="bbox 215 1346 1891 1424; baseline 0.001 -15"><span class='ocrx_word' id='word_1_133' title='bbox 215 1362 340 1409; x_wconf 83' lang='lat' dir='ltr'>horae</span> <span class='ocrx_word' id='word_1_134' title='bbox 375 1361 545 1405; x_wconf 80' lang='lat' dir='ltr'>itineris</span> <span class='ocrx_word' id='word_1_135' title='bbox 581 1346 638 1403; x_wconf 74' lang='lat' dir='ltr'>ab</span> <span class='ocrx_word' id='word_1_136' title='bbox 662 1355 817 1400; x_wconf 83' lang='lat' dir='ltr'>eadem</span> <span class='ocrx_word' id='word_1_137' title='bbox 845 1390 859 1411; x_wconf 89' lang='lat'>‚</span> <span class='ocrx_word' id='word_1_138' title='bbox 895 1358 1124 1403; x_wconf 82' lang='lat' dir='ltr'>meridiem</span> <span class='ocrx_word' id='word_1_139' title='bbox 1150 1361 1324 1422; x_wconf 85' lang='lat' dir='ltr'>versus,</span> <span class='ocrx_word' id='word_1_140' title='bbox 1361 1365 1638 1424; x_wconf 74' lang='lat' dir='ltr'>distantiam,</span> <span class='ocrx_word' id='word_1_141' title='bbox 1672 1370 1714 1414; x_wconf 86' lang='lat' dir='ltr'>in</span> <span class='ocrx_word' id='word_1_142' title='bbox 1745 1368 1891 1413; x_wconf 80' lang='lat' dir='ltr'>lacum</span> 
     </span>
     <span class='ocr_line' id='line_1_17' title="bbox 213 1431 1894 1507; baseline 0.004 -22"><span class='ocrx_word' id='word_1_143' title='bbox 213 1434 546 1485; x_wconf 85' lang='lat' dir='ltr'>Harlemensem</span> <span class='ocrx_word' id='word_1_144' title='bbox 582 1431 765 1495; x_wconf 82' lang='lat' dir='ltr'>influit)</span> <span class='ocrx_word' id='word_1_145' title='bbox 803 1434 878 1478; x_wconf 88' lang='lat' dir='ltr'>ubi</span> <span class='ocrx_word' id='word_1_146' title='bbox 911 1433 1006 1479; x_wconf 86' lang='lat' dir='ltr'>illas</span> <span class='ocrx_word' id='word_1_147' title='bbox 1041 1435 1084 1481; x_wconf 86' lang='lat' dir='ltr'>se</span> <span class='ocrx_word' id='word_1_148' title='bbox 1117 1451 1320 1497; x_wconf 86' lang='lat' dir='ltr'>unquam·</span> <span class='ocrx_word' id='word_1_149' title='bbox 1349 1440 1560 1490; x_wconf 85' lang='lat' dir='ltr'>Medusas</span> <span class='ocrx_word' id='word_1_150' title='bbox 1587 1446 1734 1492; x_wconf 81' lang='lat' dir='ltr'>vidiffe</span> <span class='ocrx_word' id='word_1_151' title='bbox 1757 1459 1894 1507; x_wconf 79' lang='lat' dir='ltr'>nemo</span> 
     </span>
     <span class='ocr_line' id='line_1_18' title="bbox 215 1510 1761 1578; baseline 0.001 -16"><span class='ocrx_word' id='word_1_152' title='bbox 215 1517 448 1562; x_wconf 88' lang='lat' dir='ltr'>hominum</span> <span class='ocrx_word' id='word_1_153' title='bbox 483 1512 784 1564; x_wconf 86' lang='lat' dir='ltr'>meminerat,</span> <span class='ocrx_word' id='word_1_154' title='bbox 818 1511 977 1571; x_wconf 84' lang='lat' dir='ltr'>ingens</span> <span class='ocrx_word' id='word_1_155' title='bbox 1012 1510 1302 1560; x_wconf 83' lang='lat' dir='ltr'>Medusarum</span> <span class='ocrx_word' id='word_1_156' title='bbox 1334 1519 1465 1576; x_wconf 84' lang='lat' dir='ltr'>copia</span> <span class='ocrx_word' id='word_1_157' title='bbox 1498 1518 1761 1578; x_wconf 79' lang='lat' dir='ltr'>adparuerit.</span> 
     </span>
    </p>
   </div>
   <div class='ocr_carea' id='block_1_4' title="bbox 217 1596 1898 1960">
    <p class='ocr_par' dir='ltr' id='par_1_6' title="bbox 217 1596 1898 1960">
     <span class='ocr_line' id='line_1_19' title="bbox 297 1596 1898 1658; baseline 0.003 -12"><span class='ocrx_word' id='word_1_158' title='bbox 297 1601 410 1649; x_wconf 84' lang='lat' dir='ltr'>Haec</span> <span class='ocrx_word' id='word_1_159' title='bbox 457 1613 563 1647; x_wconf 87' lang='lat' dir='ltr'>vero</span> <span class='ocrx_word' id='word_1_160' title='bbox 610 1597 780 1658; x_wconf 83' lang='lat' dir='ltr'>species</span> <span class='ocrx_word' id='word_1_161' title='bbox 803 1629 818 1651; x_wconf 83' lang='lat'>,</span> <span class='ocrx_word' id='word_1_162' title='bbox 863 1597 918 1641; x_wconf 80' lang='lat' dir='ltr'>ab</span> <span class='ocrx_word' id='word_1_163' title='bbox 956 1596 1044 1642; x_wconf 87' lang='lat' dir='ltr'>illis</span> <span class='ocrx_word' id='word_1_164' title='bbox 1076 1604 1183 1645; x_wconf 82' lang='lat' dir='ltr'>mox</span> <span class='ocrx_word' id='word_1_165' title='bbox 1215 1609 1623 1654; x_wconf 80' lang='lat' dir='ltr'>commemorandis</span> <span class='ocrx_word' id='word_1_166' title='bbox 1654 1607 1898 1654; x_wconf 80' lang='lat' dir='ltr'>admodum</span> 
     </span>
     <span class='ocr_line' id='line_1_20' title="bbox 219 1663 1898 1743; baseline 0.003 -22"><span class='ocrx_word' id='word_1_167' title='bbox 219 1673 510 1721; x_wconf 79' lang='lat' dir='ltr'>diversa&#39;erat</span> <span class='ocrx_word' id='word_1_168' title='bbox 532 1705 547 1728; x_wconf 91' lang='lat'><strong>,</strong></span> <span class='ocrx_word' id='word_1_169' title='bbox 582 1684 631 1716; x_wconf 87' lang='lat' dir='ltr'>ut</span> <span class='ocrx_word' id='word_1_170' title='bbox 650 1684 707 1716; x_wconf 82' lang='lat' dir='ltr'>ex</span> <span class='ocrx_word' id='word_1_171' title='bbox 730 1663 916 1730; x_wconf 57' lang='lat' dir='ltr'>subjecta</span> <span class='ocrx_word' id='word_1_172' title='bbox 937 1663 1219 1732; x_wconf 70' lang='lat' dir='ltr'>expositione</span> <span class='ocrx_word' id='word_1_173' title='bbox 1243 1710 1257 1732; x_wconf 86' lang='lat'><strong>‚</strong></span> <span class='ocrx_word' id='word_1_174' title='bbox 1292 1675 1339 1724; x_wconf 73' lang='grc' dir='ltr'>δε</span> <span class='ocrx_word' id='word_1_175' title='bbox 1361 1682 1471 1728; x_wconf 82' lang='lat' dir='ltr'>vivae</span> <span class='ocrx_word' id='word_1_176' title='bbox 1493 1680 1690 1743; x_wconf 84' lang='lat' dir='ltr'>ejusdem</span> <span class='ocrx_word' id='word_1_177' title='bbox 1713 1682 1859 1743; x_wconf 86' lang='lat' dir='ltr'>effigie</span> <span class='ocrx_word' id='word_1_178' title='bbox 1883 1711 1898 1733; x_wconf 86' lang='lat'>‚</span> 
     </span>
     <span class='ocr_line' id='line_1_21' title="bbox 219 1746 1897 1814; baseline 0.001 -16"><span class='ocrx_word' id='word_1_179' title='bbox 219 1765 329 1814; x_wconf 86' lang='lat' dir='ltr'>quas</span> <span class='ocrx_word' id='word_1_180' title='bbox 361 1751 548 1797; x_wconf 79' lang='lat' dir='ltr'>Amicus</span> <span class='ocrx_word' id='word_1_181' title='bbox 582 1747 721 1810; x_wconf 80' lang='lat' dir='ltr'>longe</span> <span class='ocrx_word' id='word_1_182' title='bbox 760 1746 1107 1793; x_wconf 84' lang='lat' dir='ltr'>aestimatifflmus</span> <span class='ocrx_word' id='word_1_183' title='bbox 1147 1749 1267 1795; x_wconf 83' lang='lat' dir='ltr'>DnS.</span> <span class='ocrx_word' id='word_1_184' title='bbox 1303 1751 1675 1804; x_wconf 67' lang='lat' dir='ltr'>Scuwisucxss</span> <span class='ocrx_word' id='word_1_185' title='bbox 1700 1788 1716 1813; x_wconf 71' lang='lat'>,</span> <span class='ocrx_word' id='word_1_186' title='bbox 1760 1756 1897 1801; x_wconf 87' lang='lat' dir='ltr'>Bota-</span> 
     </span>
     <span class='ocr_line' id='line_1_22' title="bbox 217 1823 1896 1886; baseline 0.002 -11"><span class='ocrx_word' id='word_1_187' title='bbox 217 1830 342 1875; x_wconf 84' lang='lat' dir='ltr'>nices</span> <span class='ocrx_word' id='word_1_188' title='bbox 373 1827 491 1886; x_wconf 86' lang='lat' dir='ltr'>apud</span> <span class='ocrx_word' id='word_1_189' title='bbox 521 1823 734 1886; x_wconf 80' lang='lat' dir='ltr'>Haganos</span> <span class='ocrx_word' id='word_1_190' title='bbox 768 1823 990 1871; x_wconf 77' lang='lat' dir='ltr'>Professor</span> <span class='ocrx_word' id='word_1_191' title='bbox 1012 1824 1318 1874; x_wconf 85' lang='lat' dir='ltr'>eruditiffimus</span> <span class='ocrx_word' id='word_1_192' title='bbox 1339 1862 1352 1886; x_wconf 90' lang='lat'><strong>,</strong></span> <span class='ocrx_word' id='word_1_193' title='bbox 1389 1843 1565 1877; x_wconf 88' lang='lat' dir='ltr'>mecum</span> <span class='ocrx_word' id='word_1_194' title='bbox 1590 1834 1896 1880; x_wconf 85' lang='lat' dir='ltr'>communica·</span> 
     </span>
     <span class='ocr_line' id='line_1_23' title="bbox 217 1900 836 1960; baseline -0.01 -9"><span class='ocrx_word' id='word_1_195' title='bbox 217 1906 318 1960; x_wconf 83' lang='lat' dir='ltr'>vit,</span> <span class='ocrx_word' id='word_1_196' title='bbox 351 1900 604 1948; x_wconf 84' lang='lat' dir='ltr'>luculenter</span> <span class='ocrx_word' id='word_1_197' title='bbox 637 1912 836 1959; x_wconf 86' lang='lat' dir='ltr'>apparet.</span> 
     </span>
    </p>
   </div>
   <div class='ocr_carea' id='block_1_5' title="bbox 205 1984 2091 2436">
    <p class='ocr_par' dir='ltr' id='par_1_7' title="bbox 205 1984 2091 2436">
     <span class='ocr_line' id='line_1_24' title="bbox 293 1984 2091 2068; baseline 0.006 -33"><span class='ocrx_word' id='word_1_198' title='bbox 293 1986 481 2036; x_wconf 74' lang='lat' dir='ltr'>Tabulae</span> <span class='ocrx_word' id='word_1_199' title='bbox 513 1989 682 2048; x_wconf 87' lang='lat' dir='ltr'>quintae</span> <span class='ocrx_word' id='word_1_200' title='bbox 702 1984 868 2048; x_wconf 80' lang='lat' dir='ltr'>Figura</span> <span class='ocrx_word' id='word_1_201' title='bbox 893 1986 1083 2034; x_wconf 84' lang='lat' dir='ltr'>secunda</span> <span class='ocrx_word' id='word_1_202' title='bbox 1106 1988 1221 2035; x_wconf 82' lang='lat' dir='ltr'>hanc</span> <span class='ocrx_word' id='word_1_203' title='bbox 1247 1989 1487 2041; x_wconf 81' lang='lat' dir='ltr'>Medusam</span> <span class='ocrx_word' id='word_1_204' title='bbox 1505 1998 2004 2065; x_wconf 48' lang='lat' dir='ltr'>quiescentem&#39;re-Tm</span> <span class='ocrx_word' id='word_1_205' title='bbox 2035 1984 2091 2068; x_wconf 92' lang='lat' dir='ltr'>V</span> 
     </span>
     <span class='ocr_line' id='line_1_25' title="bbox 205 2061 2054 2135; baseline 0.004 -23"><span class='ocrx_word' id='word_1_206' title='bbox 205 2065 454 2127; x_wconf 82' lang='lat' dir='ltr'>·praesentat</span> <span class='ocrx_word' id='word_1_207' title='bbox 477 2097 491 2119; x_wconf 85' lang='lat'>‚</span> <span class='ocrx_word' id='word_1_208' title='bbox 534 2061 717 2121; x_wconf 89' lang='lat' dir='ltr'>quando</span> <span class='ocrx_word' id='word_1_209' title='bbox 748 2062 890 2106; x_wconf 79' lang='lat' dir='ltr'>forma</span> <span class='ocrx_word' id='word_1_210' title='bbox 915 2064 1174 2111; x_wconf 81' lang='lat' dir='ltr'>orbicularis</span> <span class='ocrx_word' id='word_1_211' title='bbox 1194 2066 1326 2125; x_wconf 84' lang='lat' dir='ltr'>plana</span> <span class='ocrx_word' id='word_1_212' title='bbox 1363 2071 1680 2135; x_wconf 74' lang='lat' dir='ltr'>(plac-rond)</span> <span class='ocrx_word' id='word_1_213' title='bbox 1717 2077 1902 2123; x_wconf 86' lang='lat' dir='ltr'>interius</span> <span class='ocrx_word' id='word_1_214' title='bbox 1915 2080 1978 2127; x_wconf 65' lang='lat' dir='ltr'>fig.</span> <span class='ocrx_word' id='word_1_215' title='bbox 2008 2078 2054 2115; x_wconf 76' lang='lat' dir='ltr'>H.</span> 
     </span>
     <span class='ocr_line' id='line_1_26' title="bbox 224 2136 1895 2206; baseline 0.004 -22"><span class='ocrx_word' id='word_1_216' title='bbox 224 2136 464 2184; x_wconf 74' lang='lat' dir='ltr'>concavam</span> <span class='ocrx_word' id='word_1_217' title='bbox 493 2168 508 2191; x_wconf 91' lang='lat'>,</span> <span class='ocrx_word' id='word_1_218' title='bbox 543 2138 736 2183; x_wconf 85' lang='lat' dir='ltr'>exterius</span> <span class='ocrx_word' id='word_1_219' title='bbox 771 2153 1014 2186; x_wconf 80' lang='lat' dir='ltr'>convexam</span> <span class='ocrx_word' id='word_1_220' title='bbox 1056 2143 1098 2187; x_wconf 85' lang='lat' dir='ltr'>se</span> <span class='ocrx_word' id='word_1_221' title='bbox 1133 2145 1493 2203; x_wconf 85' lang='lat' dir='ltr'>conspiciendam</span> <span class='ocrx_word' id='word_1_222' title='bbox 1525 2149 1704 2206; x_wconf 82' lang='lat' dir='ltr'>praeferc</span> <span class='ocrx_word' id='word_1_223' title='bbox 1725 2185 1739 2205; x_wconf 85' lang='lat'>‚</span> <span class='ocrx_word' id='word_1_224' title='bbox 1777 2148 1895 2195; x_wconf 85' lang='lat' dir='ltr'>unde</span> 
     </span>
     <span class='ocr_line' id='line_1_27' title="bbox 227 2210 1900 2280; baseline 0.007 -21"><span class='ocrx_word' id='word_1_225' title='bbox 227 2227 252 2259; x_wconf 90' lang='lat' dir='ltr'>e</span> <span class='ocrx_word' id='word_1_226' title='bbox 286 2210 464 2258; x_wconf 86' lang='lat' dir='ltr'>duobus</span> <span class='ocrx_word' id='word_1_227' title='bbox 498 2212 616 2272; x_wconf 73' lang='lat' dir='ltr'>quasi</span> <span class='ocrx_word' id='word_1_228' title='bbox 651 2214 920 2273; x_wconf 80' lang='lat' dir='ltr'>corporibus</span> <span class='ocrx_word' id='word_1_229' title='bbox 953 2217 1205 2264; x_wconf 61' lang='lat' dir='ltr'>construeta</span> <span class='ocrx_word' id='word_1_230' title='bbox 1238 2219 1412 2265; x_wconf 89' lang='lat' dir='ltr'>videtur</span> <span class='ocrx_word' id='word_1_231' title='bbox 1440 2256 1452 2277; x_wconf 83' lang='lat'>‚</span> <span class='ocrx_word' id='word_1_232' title='bbox 1492 2234 1685 2280; x_wconf 89' lang='lat' dir='ltr'>quorum</span> <span class='ocrx_word' id='word_1_233' title='bbox 1710 2225 1900 2271; x_wconf 78' lang='lat' dir='ltr'>exterius</span> 
     </span>
     <span class='ocr_line' id='line_1_28' title="bbox 226 2286 1899 2361; baseline 0.006 -26"><span class='ocrx_word' id='word_1_234' title='bbox 226 2286 476 2335; x_wconf 87' lang='lat' dir='ltr'>orbiculare</span> <span class='ocrx_word' id='word_1_235' title='bbox 501 2321 516 2343; x_wconf 86' lang='lat'>,</span> <span class='ocrx_word' id='word_1_236' title='bbox 550 2287 659 2334; x_wconf 87' lang='lat' dir='ltr'>laeve</span> <span class='ocrx_word' id='word_1_237' title='bbox 684 2325 697 2347; x_wconf 88' lang='lat'>‚</span> <span class='ocrx_word' id='word_1_238' title='bbox 732 2288 968 2348; x_wconf 84' lang='lat' dir='ltr'>splendens</span> <span class='ocrx_word' id='word_1_239' title='bbox 994 2326 1008 2348; x_wconf 79' lang='grc'><strong>,</strong></span> <span class='ocrx_word' id='word_1_240' title='bbox 1041 2292 1322 2351; x_wconf 86' lang='lat' dir='ltr'>perlucidum</span> <span class='ocrx_word' id='word_1_241' title='bbox 1346 2307 1479 2355; x_wconf 87' lang='lat' dir='ltr'>atque</span> <span class='ocrx_word' id='word_1_242' title='bbox 1504 2296 1670 2343; x_wconf 86' lang='lat' dir='ltr'>coloris</span> <span class='ocrx_word' id='word_1_243' title='bbox 1693 2300 1899 2361; x_wconf 84' lang='lat' dir='ltr'>margari-</span> 
     </span>
     <span class='ocr_line' id='line_1_29' title="bbox 226 2362 1899 2436; baseline 0.009 -25"><span class='ocrx_word' id='word_1_244' title='bbox 226 2377 366 2411; x_wconf 84' lang='lat' dir='ltr'>tarum</span> <span class='ocrx_word' id='word_1_245' title='bbox 401 2362 486 2411; x_wconf 85' lang='lat' dir='ltr'>five</span> <span class='ocrx_word' id='word_1_246' title='bbox 518 2366 676 2412; x_wconf 84' lang='lat' dir='ltr'>marini</span> <span class='ocrx_word' id='word_1_247' title='bbox 711 2364 803 2412; x_wconf 86' lang='lat' dir='ltr'>est:</span> <span class='ocrx_word' id='word_1_248' title='bbox 851 2365 917 2413; x_wconf 85' lang='lat' dir='ltr'>Ita</span> <span class='ocrx_word' id='word_1_249' title='bbox 948 2379 996 2413; x_wconf 89' lang='lat' dir='ltr'>ut</span> <span class='ocrx_word' id='word_1_250' title='bbox 1031 2365 1167 2414; x_wconf 76' lang='lat' dir='ltr'>nullae</span> <span class='ocrx_word' id='word_1_251' title='bbox 1200 2366 1335 2427; x_wconf 83' lang='lat' dir='ltr'>plane</span> <span class='ocrx_word' id='word_1_252' title='bbox 1359 2370 1481 2417; x_wconf 82' lang='lat' dir='ltr'>fibrae</span> <span class='ocrx_word' id='word_1_253' title='bbox 1503 2384 1579 2419; x_wconf 84' lang='lat' dir='ltr'>aut</span> <span class='ocrx_word' id='word_1_254' title='bbox 1602 2372 1737 2421; x_wconf 79' lang='lat' dir='ltr'>simile</span> <span class='ocrx_word' id='word_1_255' title='bbox 1761 2375 1899 2436; x_wconf 79' lang='lat' dir='ltr'>quid,</span> 
     </span>
    </p>
   </div>
   <div class='ocr_carea' id='block_1_6' title="bbox 1785 2454 1899 2501">
    <p class='ocr_par' dir='ltr' id='par_1_8' title="bbox 1785 2454 1899 2501">
     <span class='ocr_line' id='line_1_30' title="bbox 1785 2454 1899 2501; baseline -0.009 0"><span class='ocrx_word' id='word_1_256' title='bbox 1785 2469 1788 2472; x_wconf 58' lang='lat'><em>⁴</em></span> <span class='ocrx_word' id='word_1_257' title='bbox 1823 2454 1899 2501; x_wconf 76' lang='lat' dir='ltr'>sed</span> 
     </span>
    </p>
   </div>
   <div class='ocr_carea' id='block_1_7' title="bbox 291 2566 1695 2634">
    <p class='ocr_par' dir='ltr' id='par_1_9' title="bbox 291 2566 1695 2634">
     <span class='ocr_line' id='line_1_31' title="bbox 291 2566 1695 2634; baseline 0.006 -24"><span class='ocrx_word' id='word_1_258' title='bbox 291 2569 366 2617; x_wconf 57' lang='lat' dir='ltr'>ase)</span> <span class='ocrx_word' id='word_1_259' title='bbox 401 2566 518 2611; x_wconf 79' lang='lat' dir='ltr'>Hanc</span> <span class='ocrx_word' id='word_1_260' title='bbox 545 2568 722 2614; x_wconf 76' lang='lat' dir='ltr'>aestatem</span> <span class='ocrx_word' id='word_1_261' title='bbox 748 2572 944 2616; x_wconf 66' lang='lat' dir='ltr'>lieviffiina</span> <span class='ocrx_word' id='word_1_262' title='bbox 973 2575 1218 2623; x_wconf 73' lang='lat' dir='ltr'>sequebatur</span> <span class='ocrx_word' id='word_1_263' title='bbox 1242 2577 1373 2620; x_wconf 68' lang='lat' dir='ltr'>hiems</span> <span class='ocrx_word' id='word_1_264' title='bbox 1403 2580 1695 2634; x_wconf 42' lang='lat' dir='ltr'>iwan-1763.</span> 
     </span>
    </p>
   </div>
  </div>
 </body>
</html>
