2262 3182
358 174 986 225 TABULARUM
1072 174 1728 234 EXPLICATIO.
1841 205 1897 251 41

207 300 291 350 ΝΟ.
325 307 369 350 6.
419 305 575 352 Cirrus
614 304 759 352 Astaci
793 306 998 352 constans
1031 319 1058 351 e
1094 318 1287 366 quatuor
1311 311 1601 359 articulorum
1626 313 1712 361 bafi
1737 315 1775 361 A
1801 349 1816 370 .,
1853 316 1898 366 &

278 376 394 423 binis
444 379 703 425 corniculis.
793 379 942 438 Majus
987 382 1023 426 B
1060 394 1117 426 ex
1147 381 1337 427 annellis
1369 385 1598 446 octoginta
1631 386 1894 446 pluribusve

277 451 576 497 constructum
624 449 670 497 &
703 452 890 512 superne
925 453 1191 501 intrinsecus
1237 456 1448 503 brevibus
1492 458 1736 519 solidisque
1772 462 1892 512 fibris

271 525 458 572 obsitum
495 525 572 571 est.
641 525 797 572 Minus
836 527 876 572 C
912 542 936 572 e
972 528 1196 591 sexaginta
1232 531 1414 578 circiter
1447 535 1644 580 articulis
1680 540 1850 587 constat
1873 576 1888 597 ‚

272 612 462 656 quorum
499 598 612 644 alter
644 599 768 646 alteri
802 601 1054 646 inmittitur.
1121 601 1281 650 Nullas
1306 605 1403 653 haec
1427 610 1658 656 cornicula
1684 645 1699 666 ‚
1733 614 1887 672 quales

270 673 354 721 N0.
389 691 431 722 2.
463 677 509 722 in
542 677 850 725 Antenuarum
886 676 1058 724 annulis
1083 677 1319 737 videmus,
1355 696 1550 743 unquam
1575 685 1738 732 habent
1761 703 1886 749 apere

266 760 401 795 turns.

201 820 285 868 Nv.
318 835 363 884 7.
410 823 650 870 Brachium
684 823 830 872 Astaci
867 825 1038 874 duabus
1074 840 1098 873 e
1123 829 1323 888 partibus
1349 831 1570 877 constans.
1635 830 1786 893 Major
1810 835 1885 884 sex

261 897 395 943 habet
428 898 639 945 articulos
675 932 690 954 ‚
734 914 926 959 quorum
970 901 1191 948 secundus
1228 901 1274 949 δε
1308 906 1463 950 tertius
1495 903 1705 951 dentibus
1741 912 1883 956 acutis

264 969 586 1031 dui-iffimisque
615 1005 628 1027 ‚
665 971 790 1018 serrae
823 972 953 1019 instar
985 974 1178 1020 instructi
1217 975 1330 1022 sunt.
1412 976 1516 1023 Hoc
1549 977 1777 1026 brachium
1812 984 1880 1042 pi0

261 1043 316 1090 lis
349 1047 686 1106 quamplurimis
725 1047 912 1094 oblitum
940 1047 1001 1094 est
1023 1080 1038 1102 a
1071 1061 1170 1106 quae
1192 1048 1317 1095 bono
1342 1047 1519 1109 speetu&
1543 1049 1876 1112 microscopio,

261 1120 393 1165 etiam
428 1122 578 1166 solidis
613 1121 854 1166 denticulis
889 1123 1064 1182 praediti
1101 1123 1198 1167 sunt
1230 1154 1247 1177 ,
1292 1121 1339 1167 &
1372 1136 1468 1168 eam
1493 1156 1512 1180 ,
1558 1138 1658 1183 quae
1703 1125 1792 1172 ΝΟ.
1829 1133 1873 1180 8,

194 1221 202 1228 -
259 1192 628 1253 repraesentatur,
668 1190 861 1251 speciem
896 1190 1158 1251 praeferunt.
1541 1184 1545 1188 ’

193 1266 378 1313 Astacus
420 1277 616 1324 ⁴quatuor
649 1264 839 1322 partium
875 1265 993 1323 paria
1028 1263 1162 1309 habet
1187 1297 1202 1321 ,
1249 1277 1350 1323 quae
1383 1264 1555 1313 nullum
1587 1268 1745 1317 melius
1778 1286 1871 1320 ma*

258 1343 418 1404 gisque
454 1339 733 1385 conveniens
756 1373 769 1396 ‚
804 1353 941 1397 quam
975 1338 1192 1384 labiorum
1227 1353 1391 1385 nomeu
1420 1375 1432 1397 ,
1469 1356 1574 1389 meo
1597 1344 1778 1403 quidem
1797 1347 1869 1407 ju»

257 1415 380 1460 dicio
401 1448 418 1473 ,
455 1414 616 1459 mereri
652 1412 875 1458 videntur.
944 1410 1104 1457 DeXtri
1135 1425 1302 1457 tantum
1327 1411 1476 1458 lateriS
1499 1414 1761 1464 delineanda
1787 1433 1867 1466 cu·

253 1492 383 1546 ravi,
416 1491 519 1548 quia
552 1487 705 1534 finist1·i
738 1489 885 1534 lateris
918 1489 1044 1534 labiis
1080 1490 1268 1534 omnino
1291 1488 1441 1532 similia
1466 1488 1564 1535 sunt
1586 1525 1601 1546 ,
1638 1494 1714 1540 nifi
1738 1498 1864 1558 quod

218 1564 223 1583 ³
252 1562 505 1626 angustiora·
537 1575 696 1609 eorum
732 1561 930 1607 membra
963 1562 1095 1606 etiam
1123 1560 1336 1606 introrsus
1361 1559 1522 1609 reflexa
1545 1565 1641 1613 sint.

183 1637 272 1687 N0.
309 1653 357 1697 9.
391 1635 437 1685 δί
475 1652 546 1685 10.
616 1638 729 1683 Bina
759 1636 979 1681 labiorum
1013 1637 1284 1682 eXteriorum
1320 1639 1459 1696 paria.

185 1714 270 1763 ΝΘ.
310 1728 382 1761 11.
419 1712 465 1760 &
507 1727 576 1760 12.
642 1712 752 1758 Bina
788 1711 1048 1755 interiorum
1086 1710 1305 1755 labiorum
1339 1711 1474 1769 paria.

181 1808 225 1838 ι.
273 1787 355 1835 Pili
378 1785 614 1833 solidiffimi
638 1783 684 1831 &
705 1786 822 1830 acuti
848 1786 892 1830 in
919 1782 1038 1829 labio
1061 1783 1274 1829 interiore
1308 1781 1395 1829 N0.
1425 1798 1497 1831 12.

180 1865 268 1914 N0.
308 1878 380 1924 13.
431 1862 640 1909 Exterius
677 1861 821 1907 dextri
855 1859 1019 1907 Dentis
1048 1860 1195 1907 Astaci
1227 1858 1339 1908 latus
1366 1895 1381 1919 ,
1415 1862 1575 1926 lapidis
1611 1867 1744 1917 instar
1776 1869 1858 1918 du·

243 1940 400 1987 riffimi.

97 2068 106 2077 ,
176 2015 259 2065 N0.
298 2029 372 2073 14.
416 2011 546 2059 Dens
581 2013 635 2060 ab
667 2014 885 2060 interiore
918 2011 1055 2060 latere
1091 2013 1366 2075 spectandus.
1792 2057 1796 2063 .

168 2088 260 2139 ΝΟ.
302 2100 372 2146 15.
422 2085 526 2132 Pars
560 2085 762 2147 quaedam
796 2087 1011 2134 duriffima
1046 2087 1092 2136 ὅ(
1124 2088 1261 2135 solida
1285 2123 1300 2145 ,
1336 2103 1436 2148 quae
1461 2089 1515 2136 ad
1540 2093 1725 2139 interius
1747 2107 1852 2140 cau·

233 2161 303 2207 dae
337 2159 449 2206 latus
475 2193 491 2216 ‚
525 2164 571 2208 in
595 2159 821 2220 prioribus
846 2159 936 2220 ejus
960 2161 1156 2207 articulis
1181 2163 1226 2206 in
1249 2161 1420 2208 Astacis
1442 2164 1624 2222 quidem
1656 2168 1847 2213 maribus

231 2239 461 2284 invenitur
482 2269 497 2292 ‚
544 2234 589 2282 &
623 2237 871 2284 membrum
905 2237 1030 2285 virile
1065 2237 1267 2285 habetur.

165 2309 250 2359 ΝΘ.
291 2310 363 2357 16.
411 2308 574 2355 Similis
610 2309 817 2357 foemellae
838 2327 939 2373 pars
965 2348 980 2370 ,
1015 2311 1258 2360 mollissima
1291 2311 1338 2360 &
1369 2317 1558 2363 maxime
1594 2317 1764 2367 flexilis.
1825 2367 1827 2371 ,

158 2383 265 2432 ΝΟ..
286 2396 362 2445 17.
397 2382 511 2440 <Pes
537 2383 694 2430 ‘Astaci
729 2388 969 2435 natatorius
998 2421 1012 2443 ‚
1059 2386 1263 2447 proxime
1296 2400 1461 2448 corpus
1497 2388 1645 2453 longis
1690 2394 1835 2438 tenui-

223 2460 399 2519 busque
422 2492 439 2518 ,
487 2461 534 2508 in
577 2460 928 2509 extremitatibus
971 2474 1081 2509 vero
1104 2494 1121 2518 ,
1165 2461 1379 2511 brevibus
1426 2462 1616 2527 latisque
1661 2468 1827 2515 oblitus

218 2531 335 2592 pilis.
1016 2586 1017 2595 ἵ

172 2617 182 2628 ‘
221 2603 339 2652 Tom-
373 2603 440 2651 11.
1083 2604 1125 2665 r
1640 2613 1728 2663 No.
1752 2618 1825 2668 12„
