2262 3182
581 179 1470 239 SUBSECIV'A.
1813 196 1874 255 65

182 331 284 384 'que
327 316 563 366 retrorsum
611 321 850 368 conversae·
874 318 974 366 sunt
1000 352 1016 376 ‚
1058 332 1224 379 corpus
1258 318 1382 366 suum
1416 318 1583 368 alterna
1623 331 1774 370 earum
1806 334 1877 384 re·

195 399 410 446 tradiione
443 393 490 441 &
524 396 780 441 extenfione
815 394 979 441 affiduo
1015 395 1256 454 protrudit.

261 482 455 544 Singulis
494 483 567 526 sub
601 481 777 541 papillis
802 513 817 528 ,
861 481 1047 527 interius
1084 477 1395 525 ventris'latus
1429 479 1576 523 versus
1602 514 1614 535 ,
1653 493 1869 538 tenuem,

198 558 379 604 mollem
414 556 739 615 carnosumque
774 555 1027 615 Aphrodita
1062 558 1193 602 habet
1217 554 1441 600 hamulum
1467 588 1480 609 ‚
1518 552 1564 600 &
1587 554 1940 616 consequen-fig.
1970 563 2002 603 1.

197 648 265 680 ter
290 636 418 680 etiam
443 632 668 693 sexaginta
692 646 884 691 quatuor
906 634 948 676 in
980 643 1173 692 utroque
1198 632 1335 678 latere
1359 647 1370 676 ε
1392 633 1479 677 'cui
1505 645 1612 678 vero
1642 632 1721 678 sint
1745 630 1907 689 ussii,⁶·
1936 630 1967 654 c.
1995 629 2028 654 ⁶·

197 723 268 755 ine
303 711 511 769 ignorare
545 709 767 768 ingenuus
802 707 961 753 fateor.

261 793 504 838 Maximam
539 790 628 836 hoc
658 790 834 836 Animal
868 804 993 850 aquae
1016 793 1310 850 quantitatem
1329 792 1372 836 in
1396 790 1438 836 se
1463 792 1663 852 recipere
1686 826 1700 847 ‚
1737 807 1871 854 atque

200 870 359 913 iterum
397 879 606 912 evomere
639 866 823 924 potest,
858 867 978 909 unde
1015 880 1107 910 uno
1143 860 1346 920 tempore
1378 867 1504 910 tertia
1540 880 1699 925 parte,
1737 883 1868 928 quam

169 954 173 960 ’
197 939 338 987 altero
366 975 381 996 .,
396 942 592 987 craffior
617 941 691 985 est
761 940 1053 988 Ventriculus
1078 939 1307 1001 saepissime
1324 940 1431 988 limo
1453 942 1738 1003 parvulisque
1763 956 1872 1017 con·

198 1014 340 1061 chulis
376 1015 436 1060 est
471 1012 685 1072 repletus.

262 1095 526 1155 Aphroditae
561 1094 707 1156 hujus
711 1110 762 1141 os
787 1097 863 1154 sub
888 1098 1034 1155 capite
1057 1095 1155 1152 est,
1192 1095 1238 1143 &
1260 1098 1452 1143 anterius
1477 1098 1581 1143 bina
1614 1097 1747 1147 habet
1776 1113 1873 1147 ten·

174 1166 343 1227 jacula
364 1207 382 1231 ‚
419 1186 609 1232 quorum
633 1171 824 1217 alterum
845 1171 985 1216 altero
1009 1170 1151 1230 majus
1169 1170 1395 1231 aliquanto
1421 1204 1435 1228 ,
1471 1174 1718 1237 rigidius,
1722 1175 1768 1223 &
1792 1191 1875 1224 co

170 1238 304 1295 ‘loris
329 1249 475 1309 magis
510 1246 621 1293 fusci
656 1246 730 1291 est.
802 1245 970 1319 Carent
994 1243 1165 1291 oculis.
1397 1263 1401 1267 ·

260 1332 461 1378 Diffesto
496 1332 709 1377 Animalis
748 1344 947 1385 ventre,
973 1330 1134 1375 fauces
1169 1317 1415 1377 breviiiinio
1439 1331 1685 1396 oesophago
1711 1370 1725 1393 ,
1752 1332 1874 1382 ven-

203 1408 366 1453 triculo
403 1410 608 1454 conneffi
645 1407 860 1453 videbis
841 1441 855 1461 ,
891 1420 916 1451 e
951 1419 1037 1451 tam
1069 1405 1206 1452 firmis
1239 1407 1484 1466 validisque
1509 1442 1523 1465 ‚
1559 1424 1660 1455 cum
1688 1411 1751 1455 in
1776 1411 1872 1456 lon-

202 1495 307 1541 gum
345 1494 435 1525 tum
469 1482 514 1525 in
539 1482 692 1526 orbem
719 1481 1058 1526 decurrentibus
1084 1480 1204 1525 fibris
1229 1481 1479 1527 constructo
1505 1516 1519 1537 ‚
1556 1498 1604 1530 nt
1627 1485 1721 1531 fere
1747 1490 1878 1534 carti-

171 1555 375 1615 ·-:laginis·
393 1553 603 1600 ‘duritiem
626 1556 839 1601 imitetur.
876 1554 1055 1600 &Hicce
1076 1555 1349 1600 ventriculus
1374 1556 1551 1616 pollicis
1576 1561 1756 1605 circiter
1777 1561 1878 1609 lon·

206 1628 454 1690 gitudinern
491 1628 657 1674 habens
684 1660 697 1681 ,
733 1630 775 1672 in
811 1629 890 1674 illo
925 1631 1183 1674 terminatur
1215 1631 1472 1686 intestino⁴⁹
1475 1635 1633 1692 quod
1655 1637 1770 1682 recta
1803 1638 1874 1684 via

198 1703 298 1754 fine
311 1702 407 1751 ullo
423 1703 606 1749 volvulo
630 1703 684 1748 ad
697 1718 839 1751 ,anum
862 1717 1004 1770 usque
1019 1706 1280 1773 pertendit,
1298 1707 1520 1767 plurimis
1549 1724 1693 1777 tamen
1722 1712 1878 1757 utrim-⁴

200 1767 289 1837 que
327 1765 533 1822 tenuibus
567 1778 782 1824 intestinis
809 1811 822 1834 ,
857 1779 942 1845 five
970 1779 1110 1825 craffis
1135 1770 1324 1827 obfituni
1351 1781 1411 1826 est
1435 1780 1591 1828 fibris.

216 1880 219 1883 ⁴
279 1863 490 1923 Squarnas
515 1898 530 1921 ,
576 1867 738 1925 quibus
772 1866 924 1924 Anum
957 1867 1186 1913 obtectum
1213 1866 1299 1912 ess'e
1335 1866 1515 1912 scribit
1512 1867 1683 1931 (r.)
1691 1867 1877 1914 Mom-

174 1949 353 1993 ιμεως
379 1969 393 1992 ,
437 1944 683 1997 nunquam
697 1942 893 1998 reperire
924 1942 1073 2000 potui.
1125 1990 1144 1999 ‚-
1819 1984 1824 1992 .,

182 2065 197 2069 ,,
264 2018 465 2082 Quodfi
486 2031 592 2072 veto
638 2021 948 2081 Aphroditani2
976 2026 1046 2084 in
1064 2024 1203 2075 dorso
1214 1994 1452 2084 aperias,
1482 1990 1650 2081 lentam
1681 2039 1872 2087 cute-m,

202 2066 302 2157 quae
336 2095 463 2140 almae
500 2094 648 2140 fimilis
683 2096 781 2152 est,
816 2097 1048 2142 forficibus
1083 2100 1125 2143 in
1150 2099 1480 2162 longitudinem
1505 2088 1805 2160 dissecando‚.
1830 2100 1876 2148 &

152 2211 168 2234 Δ,
190 2171 256 2217 Διιιὶ
287 2171 421 2216 latera
457 2170 780 2239 removendo,
791 2186 890 2222 tam
916 2174 1029 2221 hanc
1043 2188 1182 2234 quain
1206 2190 1313 2221 mox
1335 2175 1667 2248 describendam
1695 2178 1873 2238 Aphro-

158 2234 173 2294 J
202 2230 367 2303 ditatu,
396 2245 595 2308 squamis
613 2245 859 2316 ἱιιῆιιιέὶιιιιι
883 2251 1164 2317 comperies,
1200 2251 1324 2297 molli
1351 2254 1596 2323 cartilagini
1625 2254 1875 2312 fimillimis,

202 2313 248 2361 &
282 2303 473 2376 duplicis
509 2317 633 2364 oboli
671 2319 698 2381 (
710 2335 782 2366 een
818 2313 1092 2388 Duhbbltje)
1128 2314 1481 2390 magnitudinem
1516 2314 1795 2378 habentibus.

1783 2400 1872 2451 Hae

252 2526 332 2576 (r)
365 2528 620 2582 Philosophical
652 2529 929 2585 Trcmsczffions'²
958 2535 1074 2577 Tom.
1103 2537 1211 2577 XIX.
1235 2538 1287 2578 N.
1319 2549 1411 2589 225.

153 2614 166 2625 ⁸
267 2619 385 2671 Tom.
417 2622 486 2671 II.
1114 2628 1136 2677 1
