2262 3182
603 193 1464 246 susssssctva.
1820 215 1881 267 39.

208 326 273 372 dit
296 358 310 379 ‚
345 323 496 381 ibique
532 321 586 366 ad
621 335 859 368 exeuntem
895 322 1076 383 Junium
1114 325 1208 385 (ι’)
1243 341 1386 385 usque
1419 340 1588 375 moram
1615 362 1628 384 '
1666 331 1725 392 jn*
1747 331 1885 379 altum

207 402 453 446 revertitur.
521 395 683 440 Utrum
719 409 827 440 vero
863 395 1014 441 littora
1047 411 1203 454 petant
1230 432 1244 451 ,
1278 414 1325 443 ut
1362 416 1445 447 ova
1479 419 1553 448 aut
1587 404 1720 451 fretus
1745 407 1886 466 depo-

210 489 318 522 nant
341 508 354 529 ⁹
388 488 440 518 an
474 486 580 516 ν(ὛΟ
601 505 615 523 ,
652 471 718 515 his
742 471 785 516 in
810 473 917 515 mari
943 473 1110 530 partia,
1148 473 1252 519 ideo
1279 489 1446 522 tantum
1477 477 1698 525 littoribus
1722 489 1885 541 appro„

209 546 469 609 pinqussnts'
504 559 551 590 ur
584 547 750 590 teneris
783 543 833 592 ἅ
869 559 1024 591 recens
1058 549 1169 592 natis
1193 548 1370 595 inseftis
1397 566 1628 596 vescantur
1649 588 1661 603 ,
1699 556 1883 602 dubium

207 622 285 668 est.
353 619 576 666 Postetins
607 632 758 664 tamen
780 652 795 673 ‚
830 633 928 663 mea
957 620 1139 678 quidem
1166 621 1377 668 sententia
1404 659 1416 681 ‚
1453 626 1741 672 Verofimffius
1765 631 1885 674 Vide*

210 709 281 742 tur
303 729 317 749 ‚
352 695 561 752 quoniam
596 694 836 752 piscatores
870 695 1006 739 nostri
1043 696 1309 758 (Korders)
1345 713 1417 746 eas
1453 715 1691 760 numquam
1716 704 1879 765 Vmgasi

210 764 393 816 denario
430 770 543 829 (een
565 768 825 830 schelling)
861 771 1056 814 minores
1090 771 1135 815 in
1160 774 1266 816 mari
1291 772 1636 832 deprehendunt
1663 811 1677 832 ,
1714 777 1758 824 ὅς
1784 793 1889 836 pro·

210 844 314 891 inde
347 843 514 889 habiles
537 876 552 901 ‚
588 858 690 902 quae
713 844 862 890 littora
885 845 1100 890 accedant
1122 879 1137 903 ,
1177 846 1253 891 ubi
1277 846 1422 893 subito
1451 850 1667 896 crescunt.

272 929 376 976 Hoc
400 928 575 974 Animal
597 927 807 987 profecto
831 944 924 976 non
949 933 1094 976 minus
1119 933 1179 977 ob
1207 925 1394 991 partium
1411 935 1737 981 multitudinem
1752 949 1881 995 qutun

209 994 566 1054 perluciditatem
600 993 904 1041 admirandum
940 996 1110 1042 Summi
1146 997 1375 1044 Creatoris
1412 1000 1643 1047 artificium
1678 1003 1767 1047 clici
1791 1016 1883 1049 me·

211 1081 349 1118 retur.

281 1144 572 1192 Medusarum
618 1141 773 1187 harum
819 1147 1110 1191 cruciatarum
1144 1149 1348 1195 maximae
1371 1182 1386 1204 ‚
1430 1164 1622 1208 quatuor
1655 1152 1723 1196 vel
1755 1154 1889 1210 quin-

211 1236 300 1281 que
333 1220 553 1279 pollicum·
586 1216 888 1274 diametrum4
923 1219 975 1268 ἃ
1005 1220 1110 1265 hinc
1142 1222 1383 1268 duodecim
1409 1225 1479 1269 vel
1503 1226 1762 1283 quindecim
1787 1226 1883 1285 pol-

213 1298 351 1343 licum
385 1295 552 1341 habent
587 1292 900 1352 peripheriam.
968 1294 1106 1355 CuJ'us
1139 1300 1335 1343 exterior
1367 1314 1521 1362 margo
1555 1302 1732 1348 infinito
1757 1339 1773 1362 ,
1823 1320 1890 1351 ar.-

214 1372 394 1420 &imme
411 1371 534 1432 juxta
558 1369 601 1414 se
623 1368 866 1427 positorum
885 1403 900 1425 ‚
935 1369 1110 1416 filorum
1136 1371 1220 1418 five
1247 1376 1575 1421 tentaculorum
1599 1392 1786 1425 numero
1808 1382 1891 1425 ob-

213 1450 316 1497 fitus
351 1449 426 1495 est.
515 1447 632 1509 Quae
667 1447 739 1492 fila
763 1480 778 1501 .,
823 1448 954 1492 unius
986 1460 1154 1492 tantum
1189 1448 1269 1507 pili
1305 1450 1484 1497 craffitie
1507 1486 1522 1508 ,
1570 1453 1887 1515 Microscopio

215 1527 407 1586 inspecta
432 1558 446 1579 ‚
491 1524 642 1570 multis
683 1537 738 1569 ex
772 1523 949 1568 annulis
983 1523 1232 1569 constructa
1265 1538 1518 1584 apparent,
1562 1541 1753 1585 quorum
1800 1544 1889 1588 ope

215 1600 396 1649 Animal
428 1599 525 1645 haec
561 1596 782 1643 tentacula
806 1629 820 1651 ‚
851 1611 875 1641 a
908 1596 1093 1642 duarum
1120 1599 1306 1643 triumve
1328 1594 1542 1645 linearum
1566 1634 1579 1655 ‚
1614 1603 1666 1647 ad
1692 1605 1892 1662 quinque

216 1677 288 1725 vel
320 1675 394 1723 sex
414 1673 630 1733 pollicum
657 1672 844 1731 spatium
869 1670 1110 1716 extendere
1133 1674 1278 1732 potest
1294 1707 1307 1728 ‚
1341 1674 1396 1719 ad
1418 1674 1561 1720 escam
1584 1677 1790 1724 videlicet
1814 1692 1893 1738 ap·

220 1747 617 1812 prehendendam:
651 1759 784 1805 quem
818 1746 862 1790 in
898 1743 1030 1790 finem
1064 1746 1137 1791 illa
1161 1748 1207 1792 in
1231 1747 1392 1794 affiduo
1417 1749 1516 1797 sunt
1538 1765 1665 1798 motu
1686 1787 1700 1807 ‚
1736 1767 1897 1800 exten-

223 1824 372 1871 dentia
409 1821 451 1866 se
499 1818 545 1865 ἃ
580 1819 930 1880 quaquaversum
967 1819 1218 1868 fluctuantia
1243 1856 1257 1879 ‚
1303 1821 1350 1870 ὃς
1387 1839 1492 1870 mox
1521 1825 1562 1870 se
1591 1828 1858 1877 re:rahentia
1880 1865 1895 1888 ‚

220 1913 271 1947 ut
301 1897 572 1958 polyporum
607 1898 651 1942 in
686 1911 798 1955 aqua
832 1896 952 1942 dulci
989 1900 1233 1945 viventium
1264 1900 1401 1964 longa
1433 1902 1624 1950 brachia.

242 2022 245 2025 ,
297 1981 439 2042 Hujus
475 1979 678 2026 Medusae
714 1979 922 2026 craffities
948 2017 960 2038 ‚
1010 1997 1115 2047 cumr
1142 1985 1187 2029 in
1221 1986 1337 2030 vitro
1373 2001 1483 2045 aqua
1516 1991 1681 2034 marina
1711 1989 1895 2051 limpida

223 2056 397 2116 repleto
421 2087 435 2107 ‚
469 2066 593 2112 parte
618 2053 715 2097 laevi
737 2053 899 2098 sursum
925 2057 1042 2101 versa
1059 2091 1072 2111 ‚
1107 2071 1253 2113 natat,
1290 2060 1335 2106 in
1364 2063 1544 2116 medio,
1580 2065 1656 2109 ubi
1681 2068 1897 2122 maxima,

223 2133 355 2179 unius
389 2128 480 2174 fere
515 2126 693 2186 pollicis
720 2160 735 2183 ‚
773 2140 847 2172 aut
881 2129 1017 2186 paulo
1040 2133 1188 2177 minor
1209 2133 1284 2178 est.
1352 2135 1528 2182 Inferne
1552 2139 1594 2182 in
1620 2140 1769 2185 medio
1791 2157 1895 2201 qua·
1918 2120 2056 2211 'Tffffil'g

227 2217 328 2250 tuor
362 2201 633 2260 appendices
665 2200 848 2259 corpori
884 2202 1108 2250 adhaerent
1135 2239 1149 2257 ‚
1187 2206 1353 2265 alioqui
1386 2208 1516 2255 fluxae
1550 2210 1595 2256 &
1617 2212 1749 2270 plane
1774 2215 1890 2274 sepa·
1911 2201 2097 2277 X'Ivifiss.

227 2289 335 2320 ratae
361 2307 375 2331 ,
419 2275 539 2320 unde
584 2274 816 2322 inferiores
847 2291 995 2336 partes
1027 2295 1163 2327 unum
1197 2297 1272 2328 aut
1306 2282 1445 2344 sesqui
1479 2286 1693 2346 pollicem
1725 2289 1854 2335 altius
1877 2274 1978 2345 JV·

1761 2379 1895 2425 quam

284 2488 360 2534 (i)
396 2486 572 2536 Quidam
602 2488 703 2527 hanc
732 2488 1000 2530 Medusarum
1033 2493 1206 2541 speciem
1229 2524 1239 2544 ,
1281 2496 1446 2547 primo,
1489 2498 1634 2540 festum
1670 2499 1803 2544 Sanffi
1826 2501 1900 2552 Jo-

231 2545 379 2588 hanni's
392 2547 646 2599 excipiente,
675 2550 820 2591 altiore
844 2552 964 2592 maris
984 2554 1102 2602 aestu,
1131 2565 1213 2596 non
1232 2562 1405 2607 amplius
1430 2562 1598 2613 repetiti
1620 2566 1845 2614 perhibent.

1078 2623 1184 2672 He
