2262 3182
386 211 445 259 16
843 197 1634 268 oPUSCUALA

385 339 768 388 Mmzsxomus
804 331 1002 379 Corallia
1032 331 1300 387 delineavit,
1317 334 1466 389 unius,
1491 335 1622 381 trium
1641 371 1654 392 ‚
1677 334 1723 382 &
1746 336 1902 383 decem
1931 350 2072 384 anno-

386 431 482 463 rum
520 415 642 474 (i),
678 422 894 468 notatque
929 411 1165 476 minimam¹
1188 412 1317 456 maris
1350 412 1653 470 altitudinem,
1692 416 1736 460 in
1763 430 1849 474 qua
1873 415 2073 461 Corallia
2135 461 2140 464 ,

381 491 623 542 creseunt,
675 484 760 530 effe
794 484 978 530 duarum
1014 487 1265 547 orgyiarum
1294 521 1308 541 ,
1354 487 1622 547 plerumque
1666 490 1942 537 altitudinem
1984 489 2071 536 effe

383 564 621 613 duodecim
645 574 720 606 aut
743 562 899 622 viginti
925 562 1153 619 quinque,
1190 564 1422 608 maximam
1445 564 1724 611 altitudinem
1750 567 1835 613 effi·
1861 581 2041 613 centum
2058 599 2072 622 ,

386 656 478 689 tum
502 652 684 686 centum
707 635 752 682 &
776 639 1101 699 quinquaginta
1141 640 1392 700 orgyiarum
1428 640 1485 701 (le
1501 643 1544 701 J.
1591 640 1740 687 Etiam
1768 644 1888 689 addit
1913 643 2072 689 Coral-

385 718 446 765 lia
477 719 521 762 in
556 717 731 761 minore
764 713 995 759 altitudine
1028 715 1182 768 citius,
1220 729 1351 773 quam
1385 716 1429 759 in
1464 715 1618 773 majori
1643 718 1863 764 crescere:
1900 718 2075 778 semper

384 806 494 840 vero
517 791 714 836 crescere
739 802 866 834 terrae
888 801 1090 833 centrum
1115 789 1260 835 versus
1286 789 1553 851 (l),1n0do
1577 789 1758 836 adverso
1772 807 1900 850 quam
1916 807 2074 840 omnes

383 870 551 931 plautae
576 866 799 914 terrestres
822 879 896 910 aut
919 867 1099 912 marinae
1123 867 1325 913 crescunt
1350 867 1480 930 (m).
1875 878 1878 879 ’

453 946 647 993 Videtur
680 943 983 990 Coralliorum
1022 944 1345 989 incrementum
1378 944 1619 990 attribuere
1652 947 1843 1003 cortici,
1891 949 2075 993 miratus

385 1036 533 1069 tamen
567 1019 697 1085 quod*
723 1018 991 1064 uniformem
1029 1019 1273 1074 corticem,
1309 1018 1365 1065 fic
1389 1017 1536 1065 dictos
1558 1018 1691 1065 flores
1715 1035 1899 1080 quoque
1923 1022 2074 1079 profe-

384 1112 557 1146 rentem
580 1095 821 1154 aliquando
847 1093 942 1155 (n)
968 1091 1094 1151 supra
1119 1093 1289 1152 lapides
1311 1096 1558 1149 invenerit,
1593 1096 1727 1140 nullis
1754 1097 1947 1141 coralliis
1969 1111 2077 1156 pro-

384 1174 627 1222 deuntibus
652 1172 756 1232 (0).
828 1169 915 1214 Sed
937 1168 1017 1213 Vir
1050 1171 1226 1215 maximi
1250 1170 1355 1215 licet
1378 1171 1576 1232 ingenii,
1611 1172 1844 1234 ignorabat
1868 1170 2003 1217 flores
2025 1171 2076 1217 il—

385 1252 485 1304 los,
519 1249 708 1296 viventia
744 1245 828 1291 esse
856 1247 1145 1302 animalcula,
1178 1247 1393 1306 quodque
1425 1250 1640 1294 corticem
1676 1247 1973 1294 Coralliorum
1998 1262 2075 1307 ap-

386 1328 553 1390 pellat,
588 1327 746 1372 horum
771 1324 1139 1371 animalculorum
1166 1324 1250 1371 eil'e
1277 1325 1488 1381 cellulas,
1523 1325 1684 1385 quibus
1707 1324 1804 1370 haec
1827 1325 1976 1368 omnia
1999 1337 2079 1386 ge-

385 1418 494 1450 nera
541 1415 784 1462 corporum
829 1403 874 1447 in
918 1403 1025 1447 mari
1067 1402 1438 1449 inveniendorum
1462 1435 1476 1458 ,
1533 1413 1626 1447 tum
1672 1397 1723 1447 &
1769 1398 1968 1444 Corallia
2008 1399 2077 1443 in-

385 1480 590 1527 vestiunt.

449 1553 522 1600 Ex
554 1554 622 1598 his
654 1554 865 1600 omnibus
898 1554 1096 1609 constat,
1127 1554 1340 1605 modum,
1378 1566 1470 1612 quo
1505 1550 1703 1598 Corallia
1737 1548 2077 1608 producuntur,

387 1630 592 1678 nondum
630 1630 712 1674 rite
745 1629 1011 1684 innotuisse,
1057 1629 1108 1677 δε
1138 1629 1428 1683 animalcula,
1475 1643 1576 1686 quae
1612 1630 1656 1672 in
1682 1628 1734 1671 iis
1760 1626 2077 1675 inveniuntur,

386 1706 576 1750 omnino
611 1716 889 1764 congruere,
925 1716 1027 1743 cum
1061 1704 1141 1751 iis,
1179 1714 1280 1756 quae
1317 1704 1361 1742 in
1387 1700 1511 1741 simili
1535 1701 1728 1749 cortice,
1768 1695 1992 1740 infistente
2016 1693 2077 1738 la-

386 1777 566 1840 pidibus
580 1810 594 1832 ,
633 1773 895 1833 lithophytis
917 1771 1096 1830 aliisque
1120 1773 1389 1830 corporibus
1413 1772 1591 1814 marinis
1614 1769 1911 1826 reperiuntur.
1964 1767 2076 1813 ideo

385 1854 417 1900 fi
439 1852 638 1899 Corallia
661 1851 715 1894 ab
752 1847 1028 1894 animalculis
1062 1849 1339 1902 efficiuntur,
1375 1847 1527 1906 potius
1549 1843 1594 1890 id
1619 1856 1710 1888 tum
1737 1842 1829 1887 fieri
1852 1856 1876 1886 a
1900 1842 2078 1901 majori-

386 1932 497 1983 buS,
534 1927 611 1985 qui
646 1926 793 1984 apices
826 1938 1091 1982 occupant,
1138 1926 1303 1983 opinor
1325 1957 1338 1977 ,
1381 1934 1514 1980 quarn
1547 1934 1571 1964 a
1607 1918 1881 1975 minoribus,
1917 1918 2076 1963 cortici

387 2002 737 2059 inhaerentibus,
774 1999 826 2047 δε
851 2014 953 2060 quae
977 2000 1125 2045 multis
1151 2011 1393 2058 corporum
1415 1994 1654 2059 generibus
1678 1994 1937 2038 communia
1961 1992 2074 2039 sunt.

1973 2069 2069 2113 Ad·

385 2160 392 2206 ξ
441 2153 523 2207 (i)
553 2154 794 2193 MARsm-Lms
823 2151 908 2190 hist.
934 2150 1039 2204 phys.
1060 2152 1159 2192 dela
1183 2154 1283 2193 Met.
1303 2151 1378 2191 tab.
1400 2146 1697 2197 xxxvitiqfig.
1725 2156 1808 2195 129,
1828 2147 1905 2184 N0.
1929 2157 2071 2197 2,3‚4.

439 2217 528 2270 (k)
559 2214 616 2254 Id.
637 2213 729 2251 ibid.
751 2223 838 2264 pag.
864 2225 950 2262 123.

439 2279 463 2331 (
473 2279 518 2329 l)
549 2275 605 2316 Id.
630 2275 724 2314 ibid.

435 2334 529 2391 (m)
552 2340 634 2378 Hoc
661 2337 825 2374 obtinete
853 2337 993 2375 videtur
1019 2338 1057 2375 in
1088 2336 1288 2381 Coralius,
1318 2347 1399 2387 quae
1426 2336 1466 2372 in
1497 2332 1681 2372 scrobibus
1709 2328 1857 2379 rupium
1886 2326 2069 2374 crescunt,

387 2415 434 2443 ex
453 2400 620 2438 iconibus
640 2400 753 2438 Com.
776 2400 1009 2444 Mnasmm,
1047 2397 1106 2437 sed
1125 2412 1207 2437 meo
1226 2398 1383 2447 judicio,
1415 2398 1484 2436 hoc
1508 2395 1612 2433 statui
1637 2394 1785 2444 nequit,
1815 2395 1860 2430 dc
1875 2393 2072 2439 Coralliis,

390 2474 470 2514 quae
490 2460 643 2509 lapillis,
671 2458 889 2511 conchisque
917 2461 954 2497 in
990 2460 1082 2498 vado
1117 2461 1230 2498 maris
1260 2457 1487 2505 increscunt,
1532 2457 1617 2507 quia
1650 2455 1703 2491 his
1732 2454 2073 2505 perpendiculariter

388 2520 577 2562 insistunt:
605 2519 797 2558 discrimen
826 2519 896 2558 hoc
924 2519 1104 2558 crescendi
1135 2519 1239 2561 ‘'i-(st,
1269 2532 1307 2556 ut
1337 2517 1519 2566 haesitem,
1548 2530 1595 2555 au
1618 2515 1778 2557 Corallia
1810 2514 1961 2566 quidem
1981 2514 2070 2554 cres-

389 2597 472 2624 cant
485 2610 495 2625 ‚
525 2595 571 2619 an
591 2595 665 2619 non
685 2585 802 2629 potius
821 2582 1043 2634 produC'tum
1062 2582 1221 2637 apimale
1241 2580 1322 2622 fint-

389 2659 419 2697 [ι
439 2641 533 2695 (n)
563 2641 619 2681 Id.
641 2642 730 2680 ibid.
753 2653 838 2692 pag.
866 2646 948 2690 163.

437 2701 524 2755 (o)
556 2702 616 2744 Id.
638 2701 731 2742 ibid.
752 2712 838 2754 pag.
865 2703 950 2744 163.
