2262 3182
414 200 476 245 80
873 187 1660 238 OPUSCULA

478 321 766 370 Animalculo
815 322 927 379 tali,
974 324 1019 368 In
1065 336 1268 369 extremo
1315 321 1410 365 tubi
1461 320 1663 382 margine
1698 318 1911 367 annulum
1947 317 2102 365 cocci-

218 414 571 467 Tab.1X.¹³eU¹¹²=
607 399 739 446 lineae
773 400 949 444 circiter
984 398 1265 443 latitudinem
1304 396 1530 450 habente,
1564 393 1802 456 aliquando
1837 393 1945 439 mihi
1979 391 2104 440 obla·
2152 449 2158 453 ‚

216 479 283 531 fig·
308 492 483 535 3·c·t0‚
522 493 623 524 cum
659 478 731 522 hic
766 477 957 523 annulus
992 475 1187 522 alienum
1223 475 1331 520 mihi
1367 489 1533 534 corpus
1558 473 1808 530 videretur,
1845 473 2005 519 leniter
2026 485 2106 532 pe-

411 552 568 601 nicillo
599 548 795 597 affricius
822 583 834 604 ‚
881 563 935 594 cx
968 562 1129 610 magna
1163 547 1456 611 globulorum
1492 549 1878 596 minutissimorum
1899 584 1911 605 ,
1932 548 2106 599 ,rubro-

411 645 538 685 rum,
568 628 731 675 :ordine
767 626 997 672 concinno
1030 625 1154 687 juxta
1190 625 1230 671 se
1266 626 1512 685 positorum
1530 662 1546 685 ,
1583 629 1748 687 copia,
1783 625 2020 673 consistere
2044 624 2108 670 vi-

412 708 626 761 debatur⁷
663 715 936 762 quapropter
973 701 1075 748 illos
1108 702 1258 748 Ovula
1292 702 1545 747 animalculi
1571 703 1897 759 existimabam,
1933 715 1989 746 eo
2014 712 2104 744 ma-

410 787 505 849 gis⁷
543 782 667 842 quod
704 781 832 825 initio
869 779 1026 823 meniis
1062 778 1246 833 Martii,
1282 779 1370 823 hoc
1406 778 1513 822 mihi
1548 778 1700 823 videre
1738 777 2048 839 contingebat.

475 859 692 923 Quamvis
728 857 890 902 horum
924 854 1298 901 animalculorum
1334 867 1468 913 caput
1494 852 1544 900 ἃ
1567 856 1753 899 maxima
1776 855 1982 912 corporis
2004 866 2104 912 pars

407 937 611 983 coccinei
649 933 915 994 ple-rumque
951 931 1120 978 coloris
1153 930 1229 987 fit,
1265 929 1506 990 plurimun]
1530 943 1679 977 tamen
1708 946 1731 976 a
1755 931 1931 990 Polypo
1955 930 2105 974 co‘cci-

410 1028 498 1059 neo
535 1011 747 1058 differunt
784 1011 886 1071 (h).

210 1111 387 1150 Tab.1X.
475 1089 679 1136 Alterum
715 1085 1100 1134 Animalculorum
1128 1118 1142 1140 .,
1189 1083 1382 1144 ejusdem
1417 1083 1523 1128 licet
1557 1083 1763 1145 generis,
1809 1081 1918 1127 alius
1955 1094 2103 1128 tamen

209 1160 332 1213 fig·2·
405 1166 570 1225 speciei
606 1163 682 1209 est.
751 1162 920 1208 Plumae
955 1162 998 1206 in
1025 1160 1161 1206 latere
1186 1162 1370 1219 capitis,
1405 1158 1548 1204 multo
1575 1173 1700 1204 erant
1724 1157 1941 1218 majores,
1978 1173 2102 1217 pone

408 1241 526 1301 quasi
563 1240 718 1285 collari
753 1236 951 1297 junctae,
986 1249 1134 1295 neque
1170 1249 1258 1281 tam
1286 1235 1432 1297 'longe
1467 1235 1584 1279 inter
1618 1234 1694 1280 has
1731 1233 1904 1293 plumas
1936 1232 2102 1279 calicu-

405 1319 499 1364 lum
533 1315 859 1376 protrudcbat,
897 1311 947 1359 δε
984 1312 1040 1357 fic
1076 1311 1400 1372 Scolopendrae
1437 1310 1694 1367 tubulaniae,
1730 1309 1871 1357 modo
1907 1309 2101 1372 descrip-

407 1408 489 1450 tae,
525 1394 666 1455 magis
703 1391 878 1436 assimile
913 1389 1161 1436 videbatur.
1440 1387 1443 1389 ’

468 1470 676 1516 Tertium
712 1468 784 1512 hic
819 1467 962 1522 addo,
1000 1466 1124 1524 quod
1161 1463 1451 1513 LiNNAEUS
1485 1479 1645 1520 vocat,

207 1571 302 1611 Tab.
318 1573 409 1611 1X.·
530 1543 752 1606 Serpulam
793 1543 1089 1599 Arenariam,
1114 1540 1210 1602 five
1244 1541 1693 1605 testasuhangulam,
1733 1542 2000 1598 articulata,
2036 1543 2102 1588 in-

205 1621 272 1674 fig,
295 1639 335 1676 4·
600 1634 725 1683 tegra
754 1618 1008 1680 distinblam.
1043 1617 1136 1665 No.
1163 1618 1269 1673 699.

399 1702 461 1750 Et
495 1700 620 1761 quod
656 1700 813 1744 tubum
848 1696 974 1741 suum
1009 1709 1063 1740 ex
1096 1707 1253 1746 arena,
1288 1689 1339 1738 δε
1376 1691 1666 1738 minutissimis
1710 1690 1913 1737 testarum
1938 1689 2099 1739 fracta·

398 1792 497 1824 rum
532 1773 762 1835 particulis
788 1806 801 1827 ‚
845 1770 954 1815 limo
991 1767 1218 1831 glutinoso
1253 1767 1329 1810 fibi
1358 1767 1521 1822 affixis,
1571 1767 1622 1813 ἃ
1657 1770 1703 1812 in
1729 1769 1918 1812 formam
1951 1768 2097 1814 tubuli

392 1851 653 1910 compositis
710 1845 944 1892 construit.
1059 1839 1393 1886 Animalculum
1455 1841 1501 1886 in
1560 1839 1648 1885 hoc
1718 1841 1830 1888 tubo
1883 1844 2037 1890 vivens
2071 1878 2087 1897 ‚

397 1926 613 1976 structura
658 1924 730 1970 sua
759 1962 770 1980 ,
819 1922 1047 1983 prioribus
1092 1919 1198 1963 licet
1233 1917 1510 1977 aliquantum
1545 1917 1730 1964 dissimili
1756 1953 1770 1969 ,
1822 1919 1864 1964 se
1898 1919 2099 1980 ejusdem

392 2004 482 2050 esse
505 2003 682 2066 generis
716 1998 923 2045 ostendit.
995 1995 1216 2042 Praeterea
1241 1995 1285 2039 in
1324 1992 1567 2039 Corallinis
1602 1993 1867 2052 quibusdam
1902 1996 2089 2043 solidio-

398 2083 509 2138 bus‚
546 2079 592 2126 &
627 2077 904 2139 majusculis,
940 2073 990 2121 ὃς
1025 2075 1070 2119 in
1107 2071 1396 2131 Lithophytis
1431 2086 1596 2118 vacuos
1621 2074 1734 2131 saepe
1762 2073 1944 2120 tubulos
1971 2077 2097 2122 inve·

400 2161 445 2206 ni
468 2193 483 2213 ‚
530 2158 606 2217 qui
641 2171 666 2201 e
699 2153 1020 2217 fiugininibu3‚
1064 2150 1192 2197 fibris
1227 2149 1278 2196 ἃ
1314 2151 1444 2195 variis
1477 2149 1764 2196 mollioribus
1799 2150 1910 2214 ligni
1946 2153 2120 2198 cariati*

397 2236 541 2284 frustis
575 2233 800 2289 confecti,
837 2231 925 2276 fine
961 2230 1101 2275 dubio
1138 2229 1269 2274 etiam
1303 2227 1530 2274 domicilia
1566 2226 1617 2275 ἃ
1649 2227 1840 2275 latebras
1873 2230 1919 2275 id
1951 2243 2096 2293 genus

400 2313 787 2361 Animalculorum
817 2309 1155 2355 constituerant.

467 2390 516 2434 In
551 2403 663 2447 aqna
688 2387 835 2437 dulci„
874 2382 994 2428 unde
1021 2382 1170 2426 onmia
1191 2379 1319 2425 facile
1343 2393 1580 2439 petuntur,
1623 2378 1667 2425 &
1693 2382 1769 2426 ubi
1794 2383 1942 2428 omnia
1968 2396 2094 2429 com·

398 2463 641 2510 modiffime
677 2460 925 2522 investigari
971 2457 1187 2517 possunt,
1231 2457 1360 2501 variae
1397 2457 1611 2501 vermium
1656 2455 1873 2515 ejusmodi
1923 2457 2093 2519 species

400 2542 712 2596 inveniuntur,
749 2540 825 2599 qui
861 2551 884 2582 e
922 2535 1066 2592 testiS‚
1107 2531 1153 2578 &
1189 2535 1336 2578 omnis
1370 2534 1546 2596 generis
1577 2532 1737 2578 hirsuta
1769 2537 1979 2596 materia,
2018 2536 2096 2582 ad-

2008 2615 2093 2660 mi·

454 2716 541 2770 (la)
567 2715 661 2756 Vide
683 2714 853 2754 Primum
875 2712 1007 2750 horum
1028 2709 1286 2761 opusculorum
1308 2705 1531 2748 fasciculum.
1554 2720 1643 2761 pag.
1667 2721 1714 2759 32
1737 2714 1772 2749 ὅ(
1791 2709 1868 2764 seq.
