2262 3182
564 182 1450 236 SUBSECIVA.
1790 194 1847 254 εγ

160 317 369 366 similibus
390 353 403 374 ,
452 317 730 380 gravioribus
776 329 922 362 tamen
957 313 1008 362 &
1043 313 1188 361 altero
1235 317 1422 363 alterum
1459 318 1590 364 citius
1623 320 1853 378 excipien-

159 409 229 442 te:
266 408 361 453 quo
396 394 543 450 facto„
579 391 837 453 responsum
873 391 1107 450 exspeuat.
1176 389 1280 436 Hoc
1305 391 1535 446 destituta,
1569 392 1754 440 subinde
1775 395 1846 442 vel

160 485 243 531 per
279 471 411 515 trium
447 470 654 516 horarum
692 469 877 528 spatium
904 502 918 525 ‚
979 466 1062 511 hos
1097 466 1208 510 ierus
1246 467 1422 525 repetit.
1488 467 1632 512 Biduo
1666 483 1739 516 aut
1773 472 1848 516 tri-

157 545 249 590 duo
283 545 340 590 fic
374 545 622 600 transactm
660 544 877 603 nulloque
914 543 1056 602 potita
1091 541 1326 601 responso,
1376 542 1528 587 locum
1560 555 1727 600 mutat‚
1753 538 1846 592 *do-

155 635 267 675 nec‚
305 622 428 680 quod
447 621 685 682 'cupIditati
710 621 798 668 fuse
825 619 1083 674 satisfaciat,
1116 620 1360 677 repererit,
1396 617 1524 663 aliam
1549 616 1715 665 scilicet
1736 621 1845 667 Ara-

155 709 282 741 neam
310 731 324 747 ,
370 712 468 755 quae
505 696 668 741 eodem
708 696 785 755 ips1
821 694 961 739 modo
985 728 998 749 ‚
1043 693 1164 740 velut
1198 693 1358 750 Echo,
1404 692 1657 752 respondet.
1724 693 1844 743 Huic

157 769 186 814 fi
222 771 426 816 conditio
461 771 645 830 placet,
690 770 1012 814 commercium
1047 769 1347 835 ingravescit,
1397 769 1588 829 pulsatio
1622 780 1843 830 augetur:

156 842 333 891 leffium
375 845 544 891 sonitus
591 844 742 891 sensim
788 847 1000 904 utrinque
1047 845 1388 904 adproperant‚
1433 843 1712 891 &tamdem
1757 855 1844 889 tam

163 936 309 982 prope
345 935 621 969 concurrunt
642 958 658 982 ‚
705 936 754 969 ut
786 924 919 983 plane
953 924 1326 969 commisceantur
1351 956 1365 979 ‚
1415 935 1508 982 quo
1542 921 1658 968 facio
1680 955 1696 978 ‚
1739 921 1851 969 nihil

157 999 346 1058 amplius
381 998 556 1043 auditur
589 998 701 1061 (q).

214 1075 487 1135 Experimur
518 1077 667 1134 itaque
703 1078 749 1121 in
784 1074 963 1120 duobus
999 1074 1065 1127 his
1101 1074 1308 1130 Inseffis,
1346 1073 1509 1134 (plura
1542 1073 1624 1120 alia
1645 1077 1845 1136 prudens

154 1149 328 1196 filentio
353 1152 632 1211 praetereo)
670 1151 854 1197 alterum
880 1187 893 1205 ‚
941 1166 1089 1209 neque
1125 1152 1274 1212 aspera
1308 1151 1470 1196 arteria
1512 1164 1661 1210 neque
1693 1153 1847 1211 palato

153 1225 442 1282 instructum,
479 1226 635 1272 sonum
673 1227 833 1283 edere,
870 1225 920 1274 &
955 1227 1142 1273 alterum
1178 1228 1221 1272 id
1247 1228 1510 1287 percipere,
1547 1230 1746 1286 quamvis
1769 1238 1845 1273 au-

153 1317 222 1348 res
258 1317 351 1348 non
388 1303 573 1361 habeat,
615 1303 698 1349 five
737 1304 889 1362 potius
924 1302 1012 1348 illae
1049 1302 1193 1348 adhuc
1230 1303 1428 1365 indagari
1465 1317 1558 1349 non
1589 1304 1844 1362 potuerint:

149 1376 349 1423 Forsitan
395 1379 513 1423 enim
548 1392 713 1439 organa
747 1377 823 1422 illa
867 1391 958 1436 quo
993 1379 1176 1423 minime
1219 1378 1469 1436 quaesiveris
1505 1378 1613 1424 loco
1638 1410 1653 1433 ‚
1695 1393 1849 1425 revera

155 1449 333 1496 habent.
399 1449 707 1509 Reperiuntur
733 1449 789 1494 fic
813 1450 974 1495 insecta
998 1452 1201 1509 quaedam
1229 1453 1465 1518 (Araneae)
1493 1456 1653 1501 oculos
1675 1458 1720 1503 in
1744 1457 1848 1502 dor-

155 1525 230 1580 so,
268 1537 413 1584 partes
448 1524 663 1587 genitales
700 1525 745 1569 in
783 1527 929 1583 capite
963 1528 1161 1588 gerentia
1200 1527 1263 1588 (r
1285 1528 1321 1585 ).

216 1598 373 1646 Homo
407 1614 495 1657 per·
521 1614 656 1645 unam
692 1614 941 1657 aperturam
979 1603 1187 1649 Animam
1211 1603 1543 1660 ducit‚Erucae
1565 1603 1617 1653 ἃ
1650 1605 1848 1666 Papilio-

150 1687 230 1719 nes
267 1673 338 1719 vel
372 1686 456 1730 per
491 1671 762 1716 ociodecim.

215 1748 372 1793 Potius
407 1748 543 1806 igitur
579 1743 791 1787 affirmare
827 1745 960 1789 ausim
984 1781 996 1799 ,
1047 1762 1174 1804 aeque
1214 1751 1440 1809 ignorari,
1484 1765 1633 1798 utrum
1666 1753 1842 1801 Infecta

153 1821 330 1882 auditus
365 1831 540 1880 organo
576 1828 783 1870 careant,
818 1830 868 1861 ac
904 1831 956 1861 an
994 1820 1162 1878 absque
1200 1823 1362 1868 eodem
1397 1825 1591 1871 audiant.

218 1894 307 1939 Sed
342 1893 592 1953 posteriore
629 1890 806 1949 posim,
842 1905 899 1936 eo
936 1896 1075 1955 magis
1119 1895 1459 1957 Omnipotentis
1495 1899 1724 1948 Creatoris
1746 1916 1852 1962 pro·

153 1970 350 2017 videntia
385 1968 667 2030 agnoscenda
703 1984 836 2028 atque
873 1970 1147 2029 suspicienda
1180 1973 1268 2028 est„
1308 1989 1410 2033 quae
1437 1975 1740 2022 Animalculis
1765 1988 1852 2022 tam

153 2045 336 2091 minutis
373 2042 572 2088 senilium
610 2046 772 2092 horum
809 2050 933 2093 usum
970 2050 1219 2107 concedat,
1257 2055 1457 2109 quamvis
1495 2068 1652 2099 eorum
1685 2067 1853 2116 organa

159 2135 252 2167 non
287 2121 579 2176 reperiamus:
618 2121 738 2168 Hinc
775 2127 943 2183 quippe
976 2125 1205 2181 videmus,
1251 2128 1385 2173 nullis
1419 2129 1511 2190 ejus
1548 2130 1853 2193 Omnipoten-

154 2194 258 2238 tiam
296 2193 497 2254 indigere:
539 2198 722 2255 medii-3,
764 2200 897 2244 nullis
934 2196 1101 2259 alligari
1139 2198 1456 2246 instrumentis.

219 2266 360 2328 Quod
398 2282 543 2315 tamen
579 2271 768 2317 Piscium
805 2273 1005 2317 auditum
1042 2274 1225 2331 proprie
1262 2273 1453 2333 speftat:
1491 2273 1851 2340 KLEYN1US(5)

153 2341 295 2387 multo
333 2342 633 2390 demonstrare
671 2346 825 2393 labore
859 2361 1050 2395 conatus
1088 2349 1176 2405 est,
1223 2350 1372 2398 Pisces
1409 2366 1557 2412 neque
1591 2366 1740 2398 mutos
1772 2367 1851 2398 ne-

208 2489 278 2541 (q)
309 2489 480 2529 Discours
501 2492 557 2531 sur
578 2495 610 2532 ie
631 2495 809 2546 languagc
834 2495 895 2534 des
917 2499 1033 2537 Betes.
1055 2509 1139 2549 pag.
1160 2502 1226 2548 96.
1753 2443 1842 2487 que

206 2558 228 2603 ζ
243 2554 298 2603 ν)
330 2555 519 2596 LYON‘NET
538 2558 575 2594 in
600 2558 696 2595 notis
714 2557 818 2607 supra
843 2559 1006 2596 LESSl-:Rs
1029 2557 1413 2608 Insecto-Theoiogic.
1435 2559 1534 2602 Tam
1558 2561 1591 2599 I.
1612 2571 1698 2612 pag.
1724 2564 1808 2611 184.

204 2614 283 2666 (ς)
315 2613 443 2653 Missus
466 2620 495 2655 1.
519 2618 679 2657 historia:
703 2632 820 2660 natur.
842 2619 1018 2661 Piscium.
1039 2631 1127 2672 pag.
1149 2631 1258 2672 9-11.
1297 2621 1394 2664 Tab.
1416 2624 1467 2664 11.
1489 2622 1558 2676 fig.
1585 2636 1688 2675 1-35.
1716 2624 1848 2666 Misius.

158 2677 207 2716 de
223 2674 313 2716 sono
334 2679 371 2713 &
394 2674 518 2715 auditu
540 2677 719 2721 Piscium.
