2262 3182
619 162 1495 219 SUBSECIVA.
1823 197 1879 241 29

219 309 290 344 tor
313 329 326 352 ‚
354 294 482 341 >nudo
517 294 557 339 se
593 295 729 341 oculo
765 295 872 340 tales
907 296 1068 342 fiscinae
1092 297 1284 344 inclusos
1310 334 1324 354 ,
1359 314 1649 363 nutantesque
1670 307 1716 353 in
1740 321 1878 367 aqua,

218 371 270 414 ab
308 369 401 414 aliis
438 370 725 415 discreturum
762 372 1066 430 profitebatur.
1145 374 1486 437 Quamprimum
1517 392 1624 425 vero
1659 394 1743 428 ova
1772 398 1878 443 pro-

207 445 450 505 jecerunt,
486 444 565 488 alia
600 445 758 487 iterum
795 447 973 504 corpori
1009 446 1319 493 adnascuntur.

278 518 444 576 Squilla
480 517 671 572 eodem,
706 531 797 574 quo
832 518 973 563 Astaci
1001 520 1166 575 modo,
1204 522 1369 568 coitum
1397 523 1491 568 init.
1558 522 1876 574 LEEUWEN·

211 606 471 638 nolimus
508 593 598 652 (i)
636 590 783 637 nullos
820 593 933 637 inter
969 593 1158 652 Squilias
1194 609 1332 640 mares
1369 597 1460 642 dari
1495 599 1740 656 existimat,
1774 602 1876 648 illos

212 680 333 713 certe
369 667 409 710 se
445 680 683 723 numquam
721 666 871 711 vidisse
909 666 1070 712 scribit.
1141 667 1294 714 Mares
1317 667 1582 732 plerumque
1607 674 1649 720 in
1674 676 1764 720 alto
1787 690 1875 722 ma-

212 744 280 805 gis
315 741 420 785 mari
456 753 682 784 morantur
704 773 719 795 ,
749 739 873 784 unde
904 739 1337 800 niinusdfrequenter
1371 748 1606 806 capiuntur
1641 765 1769 808 quam
1797 752 1875 797 foe-

207 814 350 860 mellae
383 848 397 869 ,
442 828 540 870 quae
572 812 901 861 forte-ad'ova'
926 816 1200 875 projicienda
1235 811 1420 879 propius
1454 819 1605 865 littora
1637 824 1871 870 accedunt.

209 889 376 935 Verum
412 888 440 932 fi
476 889 573 946 quis
610 889 844 935 Autumno
872 924 886 946 ,
921 891 1102 949 quando
1137 892 1288 937 crustae
1323 894 1648 940 commutandae¹
1671 898 1797 943 causa
1820 898 1876 944 ad

212 980 373 1013 terram
406 967 546 1027 magis
580 966 975 1024 appropinquant,
1012 966 1210 1025 aliquot,
1242 966 1363 1013 nulla
1385 983 1469 1015 ova
1490 969 1731 1027 habentes,
1767 974 1876 1019 deii·

213 1058 291 1107 gat
312 1078 328 1100 ‚
367 1057 528 1101 easque
551 1044 851 1104 microicopio
876 1045 1207 1106 contempletur
1232 1080 1245 1103 ‚
1281 1048 1470 1107 partium
1494 1044 1753 1109 genitalium
1780 1047 1882 1091 viri·-

211 1119 324 1164 lium>
356 1115 401 1162 &
436 1118 719 1161 muliebrium
755 1117 987 1161 discrimen
1023 1120 1373 1164 animadvertere
1408 1122 1588 1179 poterit.

276 1189 384 1251 Quo
419 1187 546 1233 altius
581 1190 624 1232 in
661 1189 766 1232 mari
804 1187 986 1245 Squillae
1022 1191 1256 1249 capiuntur
1279 1224 1293 1245 ‚
1329 1204 1385 1236 eo
1409 1191 1688 1236 candidiores
1709 1190 1875 1237 habent

214 1264 374 1309 crustas
403 1294 418 1318 ‚
465 1275 565 1320 quae
600 1262 737 1322 magis
774 1260 870 1305 sunt
904 1260 1034 1304 fuscae
1071 1294 1084 1315 ,
1129 1276 1231 1306 cum
1268 1262 1449 1320 Squillae
1482 1264 1665 1323 propius
1699 1264 1835 1311 littori
1860 1299 1888 1321 ,.

210 1351 284 1384 aut
317 1338 360 1381 in
392 1335 621 1380 fluminum
657 1333 861 1379 salsorum
893 1333 1010 1378 ostiis
1046 1335 1300 1394 capiuntur.
1384 1335 1763 1397 Quotiescunque
1795 1341 1867 1385 su-

208 1414 322 1459 scam
360 1408 540 1467 Squiilae
574 1408 747 1467 majoris
779 1406 960 1452 crustam
988 1440 1002 1461 ,
1047 1406 1345 1467 microscopio
1378 1409 1760 1469 contemplamur,
1797 1413 1872 1459 illa

208 1484 388 1547 quidem
422 1481 720 1543 pulcherrima
743 1515 756 1536 ,
791 1479 973 1525 maculis
1005 1480 1143 1541 nigris
1179 1479 1373 1526 rosarum
1406 1481 1452 1528 &
1475 1483 1875 1535 asteriscorumin-

210 1563 292 1608 star
313 1593 327 1618 ,
363 1571 547 1617 quarum
579 1555 806 1602 nonnullae
831 1553 1130 1601 candidissimo
1156 1555 1308 1600 cinctae
1334 1555 1431 1602 sunt
1454 1560 1651 1619 margine
1676 1593 1690 1615 ,
1722 1576 1875 1610 ornata

212 1631 572 1694 deprehenditur.

275 1703 521 1749 Piscatores
562 1698 830 1758 Squillarum
867 1701 1058 1748 afferunt
1086 1735 1110 1758 ,-
1145 1702 1340 1762 Squillus
1371 1705 1543 1751 refluxu
1575 1711 1706 1753 maris
1729 1744 1747 1768 ‚
1790 1712 1878 1759 five

212 1793 324 1837 aqua
358 1777 598 1823 recedente
626 1808 639 1830 ‚
675 1775 841 1820 haustas
868 1811 881 1831 ,
919 1777 1053 1823 elixas
1077 1810 1091 1832 ‚
1126 1778 1268 1824 multo
1301 1781 1439 1840 magis
1472 1781 1739 1831 rubicundas
1762 1787 1878 1843 effe,

210 1869 341 1914 quam
378 1868 475 1912 quae
511 1852 632 1897 fluxu
666 1850 753 1895 five
789 1851 1016 1896 crescente
1051 1866 1166 1911 aqua
1200 1854 1450 1912 capiuntur.

276 1924 637 1987 Jucundissimum
674 1923 761 1977 est,
796 1924 919 1981 quod
948 1924 1033 1983 jam
1067 1939 1168 1970 ante
1198 1940 1270 1970 me
1305 1927 1754 1980 LEEUWENHoEmus
1788 1935 1881 2001 (k)

210 2000 416 2053 notavit,
459 1996 606 2042 mense
644 1996 895 2055 Septembri
922 2032 936 2053 ‚
985 1998 1172 2057 Squiilae
1198 2003 1499 2048 ventriculum
1531 2005 1741 2054 dissecare
1766 2047 1780 2067 ,
1817 2024 1881 2056 at-

209 2087 298 2132 que
333 2071 520 2117 diversas
555 2069 618 2114 ilii
653 2070 840 2116 inclusas
865 2105 879 2127 ‚
912 2073 1210 2127 b‘ucjeinorum
1251 2076 1296 2123 &
1331 2079 1651 2131 conchularum
1674 2117 1688 2140 ‚
1721 2097 1879 2132 arenu-

210 2149 263 2193 1ae
299 2145 649 2207 magnitudinem
683 2158 774 2189 non
810 2145 1068 2201 habentium
1094 2183 1115 2204 ,γ
1142 2150 1310 2209 species
1346 2153 1622 2213 conspicere.
1843 2204 1846 2205 γ

276 2222 492 2281 Perquam
539 2221 646 2267 mira
693 2219 788 2266 visat
811 2220 919 2266 mibi
954 2221 1013 2266 est
1048 2216 1248 2282 quaedam
1282 2222 1437 2270 harum
1470 2224 1736 2286 Squillarum
1769 2243 1873 2288 pro·

1349 2315 1352 2317 ’
1756 2315 1873 2360 prie-

260 2451 333 2496 (i)
371 2449 550 2497 Septima
576 2439 845 2497 Epistoiarum
873 2447 1220 2502 continuatione,
1258 2465 1349 2505 pag.
1380 2464 1475 2504 204.

265 2513 346 2559 (k)
384 2511 561 2561 Septima
589 2511 856 2560 Epistoiarum
882 2514 1200 2556 continuatione
1224 2543 1235 2564 ,
1274 2527 1364 2566 pag.
1394 2527 1482 2567 195.
1511 2513 1597 2567 Fig.
1617 2516 1704 2558 6⁷&
1722 2529 1758 2568 7,,

1132 2605 1237 2668 D‘ss
