2262 3182
538 171 1410 224 SUBSEC1VA·
1660 193 1825 240 -91

137 306 230 355 hoc
263 305 384 353 enim
419 301 568 349 nullus
603 303 648 348 in
684 301 776 362 ipsa
809 315 920 361 aqua
955 303 1229 350 excitabatur
1274 307 1405 351 sonus
1433 340 1448 363 ,
1505 306 1578 354 sed
1611 310 1655 356 in
1692 312 1824 369 affre,

138 383 282 429 vitreo
318 379 554 438 recipienti
590 377 668 425 sub
703 393 815 438 aqua
849 377 1101 438 pendenti,
1154 380 1327 426 incluso
1354 415 1369 435 .,
1413 398 1547 441 quare
1584 387 1725 435 multo
1761 389 1827 437 le·

137 458 342 513 morem,
377 469 516 515 quam
551 456 596 501 in
632 458 734 503 ae're
769 467 958 514 aperto,
997 454 1081 500 effe
1117 457 1371 515 oportebat.

198 529 371 578 Nonne
407 528 649 576 admodum
683 530 915 577 verifimile
946 531 1034 590 est,
1072 532 1209 579 multa
1234 532 1483 589 Animalia,
1520 540 1670 599 organi
1698 540 1824 602 hujus

132 606 441 667 perfectione,
480 621 564 653 nos
589 606 813 654 Homines
838 607 1134 665 antecellere,
1169 607 1219 656 δε
1242 612 1401 656 acriori
1425 609 1579 656 auditu
1602 613 1698 659 effe.
1763 617 1826 665 Et

133 683 163 729 fi
187 685 310 731 nervi
333 682 471 729 nostri
498 682 710 729 auditorii
733 683 928 728 minimis
952 682 1321 730 undulationibus
1346 686 1480 745 aeris,
1522 688 1568 732 in
1603 702 1695 746 quo
1730 707 1826 738 ver·

132 761 307 816 samur,
355 757 664 815 afficerentur,
709 760 925 805 continua
959 759 1264 807 laboraremus
1300 764 1548 826 vertigine,
1596 766 1825 814 innumera

132 837 304 886 confufi
340 835 545 897 strepitus
578 834 892 894 multitudine,
927 839 1004 897 qui
1039 851 1151 895 nos,
1188 853 1244 885 ne
1269 838 1407 886 ullum
1431 841 1641 900 quidem,
1679 843 1826 890 distin-

130 928 269 979 guere
299 912 586 960 concederet.

193 988 483 1035 Concludere
518 1003 628 1051 ergo
663 1003 735 1035 me
770 987 894 1048 posse
927 989 1147 1042 arbitror,
1193 990 1358 1035 eodem
1394 991 1533 1037 mod‘o
1570 992 1712 1051 pisces
1748 993 1824 1041 sub

129 1079 246 1125 aqua
280 1064 433 1110 audire
454 1099 468 1121 ‚
515 1077 730 1126 quantum
762 1064 864 1125 ipfis
899 1064 953 1109 ad
989 1064 1151 1110 instans
1187 1066 1437 1124 periculum
1474 1066 1781 1130 effugiendum
1807 1104 1820 1123 ,

122 1137 180 1186 δε
209 1140 325 1184 forte
359 1139 490 1184 etiam
523 1139 580 1185 ad
615 1142 725 1190 alios
760 1141 955 1203 ejusdem
977 1144 1181 1205 genem,
1214 1157 1373 1190 mutuo
1398 1144 1510 1191 sono
1539 1145 1691 1201 edim,
1727 1146 1821 1193 col·

126 1210 335 1274 ligendos
371 1227 486 1273 opus
522 1213 598 1260 est.

540 1389 580 1427 ᾖ
909 1394 948 1433 ᾖ
1327 1398 1381 1463 *⁹

192 1564 434 1625 Perfeffam
469 1568 634 1616 Rerum
660 1571 941 1622 Naturalium
979 1579 1289 1639 cognitionem,
1339 1578 1411 1626 vel
1429 1578 1545 1640 fibi,
1580 1580 1652 1626 vel
1684 1581 1818 1628 etiam

126 1641 310 1687 Naturae
344 1644 536 1688 humanae
571 1648 809 1691 attribuere
845 1651 916 1692 vel
946 1652 1158 1711 uffa-ere,-
1192 1659 1464 1701 temerarium
1488 1656 1714 1717 quiddam,
1746 1667 1820 1704 at-

126 1731 200 1777 que
235 1719 479 1777 impotentis
513 1720 856 1782 inprudentisque
880 1726 1045 1781 animi,
1079 1724 1244 1787 censeri
1265 1728 1401 1775 debet.
1440 1729 1607 1776 BAc0N
1634 1730 1691 1777 de
1717 1732 1819 1780 VE-

120 1802 300 1838 ssULAM.
339 1791 424 1838 Fil.
461 1790 722 1850 Labyrinth.

613 1933 651 1981 F
781 1934 803 1980 Ι
929 1934 977 1982 N
1110 1939 1131 1986 t
1260 1942 1303 1988 S.

118 2232 277 2285 elapsas,
307 2234 381 2272 istu
409 2234 559 2285 repetito
579 2235 747 2277 indicans
767 2237 858 2291 (een
881 2243 1286 2296 repetitie-horologie)
1308 2244 1437 2285 tabulae
1456 2246 1638 2297 plumbeae
1658 2248 1810 2299 imposi-

117 2305 222 2342 tum,
251 2295 468 2347 campanula
498 2297 609 2337 vitrea
637 2299 855 2350 obtegebat,
882 2306 919 2340 δε
941 2306 1153 2355 marginem
1183 2304 1401 2345 inferiorem
1422 2308 1551 2358 argilla
1571 2309 1809 2359 pei-liniebat,

120 2366 160 2393 ut
188 2357 286 2396 nulla
305 2359 464 2398 omuino
481 2371 579 2410 aqua
603 2360 756 2399 influere
775 2361 910 2413 postet,
938 2378 1012 2417 quo
1031 2365 1155 2414 facito,
1184 2371 1221 2405 δε
1240 2366 1462 2420 horologio,
1490 2370 1540 2408 ita
1559 2368 1709 2408 condito
1723 2400 1734 2417 ‚
1769 2371 1810 2409 in

122 2427 215 2466 aqua
236 2416 422 2467 suspenso,
453 2419 561 2459 sonus
581 2423 677 2473 ejus,
709 2425 848 2475 quoties
867 2425 1065 2474 edebatur,
1093 2427 1309 2468 audiebatur
1329 2429 1478 2480 quidem
1494 2457 1505 2472 ,
1532 2426 1593 2464 sed
1617 2430 1734 2468 multo
1755 2430 1808 2468 le-

124 2476 203 2514 mus
216 2502 228 2522 ‚
257 2487 367 2527 quam
395 2477 422 2519 fi
450 2480 490 2519 in
507 2493 631 2533 aperto
651 2485 736 2524 a‘e‘re
755 2482 870 2525 fuisset
889 2483 1052 2529 effectus.
1080 2488 1216 2539 Lefons
1235 2489 1377 2539 Phyfiq.
1398 2498 1489 2530 tom.
1509 2488 1583 2528 III.
1596 2499 1692 2541 pag.
1713 2503 1759 2542 41
1772 2503 1806 2531 ι.

946 2754 1004 2803 M

1047 2770 1072 2802 Q)

1671 2758 1806 2806 TA—
