2262 3182
605 201 1494 256 SUBSECIVA.
1863 222 1918 271 ¹7

284 334 543 393 Admodum
581 336 884 397 exoptandum
922 347 1040 388 erat,
1075 345 1124 379 ut
1155 333 1292 393 aliqui
1328 333 1522 383 historiae
1557 336 1767 384 naturalis
1799 352 1916 385 ama-

223 433 368 469 tores,
404 419 480 477 qui
516 430 661 477 prope
695 429 815 460 mare
850 413 1236 459 Mediterraneum
1273 408 1470 471 degunt,
1505 412 1828 461 incrementum
1861 413 1914 463 ἅ

216 494 570 557 Vegetationem
619 487 924 535 Coralliorum
971 487 1208 533 rubrorum
1255 484 1410 545 majori
1446 490 1729 536 accuratione
1763 489 1810 537 &
1844 492 1911 537 in-

213 571 376 619 dustria
418 567 765 628 investigarent:
810 564 911 620 alii,
958 566 1034 623 qui
1069 563 1200 607 mariS
1234 560 1391 607 Baltici
1428 560 1597 606 accolae
1635 561 1731 607 sunt
1756 598 1771 617 ‚
1815 567 1913 625 pari

211 645 444 707 diligentia
479 643 780 688 examinarent
814 639 1013 684 Corallia
1048 637 1147 682 alba
1171 672 1185 691 ,
1238 651 1337 696 quae
1375 650 1493 682 tanta
1527 637 1588 681 ibi
1622 634 1703 680 fint
1737 643 1867 698 copia
1892 678 1907 701 ‚

209 735 259 769 nt
294 724 338 768 in
372 721 488 769 vado
523 723 655 766 maris
681 752 695 775 ,
730 717 849 777 quasi
881 717 1004 763 silvas
1026 752 1041 773 ,
1075 717 1247 774 aliquot
1281 713 1534 762 milliarium
1561 719 1912 778 continuas-,ef-

209 795 373 845 ficiant‘
396 799 424 860 ζ
435 797 513 860 p).

274 872 532 932 Oportebat
565 881 614 914 ut
650 869 694 915 in
730 870 884 929 primis
918 868 1228 924 attenderent,
1263 883 1316 914 an
1353 883 1447 915 non
1476 868 1686 918 darentur
1709 872 1909 921 Corallia

211 945 258 995 &
293 947 570 1005 Madrepora
605 944 695 989 fine
727 946 898 990 cortice
919 945 941 989 ‘2
984 957 1058 990 aut
1093 958 1148 989 an
1184 944 1340 990 abraso
1375 945 1575 1001 cortice,
1622 948 1803 1006 quidem
1843 949 1910 996 ul-

208 1025 344 1069 terius
380 1021 666 1068 crescerent:
716 1033 811 1066 tum
844 1021 967 1065 enirn
1002 1021 1218 1065 certiores
1255 1019 1491 1075 fieremus,
1527 1035 1581 1066 an
1620 1022 1795 1069 Cortex
1829 1025 1907 1070 ali·

205 1099 316 1158 quid
361 1097 668 1145 Coi-alliorum
715 1099 999 1144 incremento
1045 1096 1249 1142 conferat
1278 1128 1292 1150 .,
1348 1109 1403 1140 an
1450 1109 1607 1142 eorum
1657 1098 1762 1145 effer
1806 1115 1906 1159 pars

203 1173 442 1220 essentialis
467 1208 482 1229 ,
526 1188 583 1218 an
629 1172 917 1218 accidentalis
941 1209 952 1229 ,
997 1169 1043 1217 &
1080 1185 1248 1217 tantum
1282 1170 1337 1215 ab
1374 1170 1598 1229 aliquibus
1632 1175 1909 1221 animalculis

204 1248 436 1307 apposita,
480 1247 861 1307 quemadmodum
898 1247 947 1293 fit
983 1248 1027 1293 in
1064 1247 1609 1309 Titano-kerato-phytis,
1655 1250 1719 1296 uti
1754 1264 1810 1296 ex
1845 1249 1909 1299 se·

201 1325 360 1383 quenti
396 1322 697 1384 descriptione
731 1324 919 1386 patebit.

736 1483 847 1551 De
893 1483 1388 1576 Kerato-pbytis.

267 1661 665 1724 Quemadmodum
709 1682 872 1726 magna
917 1670 979 1708 est
1024 1669 1333 1713 Coralliorum
1362 1705 1373 1722 ‚
1422 1667 1809 1728 Madrepororum
1852 1669 1906 1719 δε

202 1735 560 1796 Millepororum
595 1739 779 1782 varietas
802 1770 816 1791 ‚
866 1740 928 1782 ita
971 1741 1103 1783 etiam
1151 1740 1283 1784 variae
1319 1739 1417 1785 sunt
1452 1740 1620 1799 species
1656 1744 1906 1805 Lithophy-

203 1824 384 1868 torum,
418 1808 795 1868 Lithoxylorum,
829 1809 1296 1873 Kerato-phytorum,
1329 1812 1380 1861 δε
1413 1816 1596 1873 quando
1631 1821 1775 1867 emita
1808 1822 1908 1869 sunt

201 1891 402 1944 cortice,
441 1886 1068 1949 Titano-kerato-phytorum,

266 1961 466 2024 Quando
509 1961 1055 2022 Titano-kerato-phyta
1112 1965 1257 2024 probe
1301 1964 1456 2011 ficcata
1503 1966 1638 2023 sunt,
1686 1969 1822 2016 veluti
1860 1973 1907 2021 in

201 2036 536 2099 gazophylaciis
580 2035 807 2082 servantur
829 2071 844 2092 ,
893 2050 1052 2083 cortex
1095 2039 1244 2101 digitis
1280 2039 1410 2086 facile
1446 2043 1683 2106 abstergeri
1719 2048 1869 2106 potest
1891 2084 1906 2106 ‚

202 2113 280 2172 qui
327 2125 420 2158 tum
466 2112 527 2158 est
574 2111 818 2157 admodum
864 2114 1047 2170 tenuis,
1087 2112 1138 2161 <Sc
1176 2114 1288 2175 saepe
1325 2118 1553 2165 manifeste
1586 2135 1772 2180 apparet
1819 2124 1906 2169 ob-

203 2187 333 2235 sessus
381 2189 605 2236 exsiccatis
652 2190 832 2250 polypis
862 2223 877 2246 ‚
924 2205 1072 2249 neque
1116 2193 1343 2240 minimam
1393 2200 1763 2245 communionem
1801 2215 1905 2248 cum

201 2263 403 2325 subjeclo
438 2262 703 2324 Lithophyti
733 2265 861 2329 ligno
895 2266 1062 2312 habere
1096 2266 1277 2314 videtur
1300 2303 1315 2326 ,
1360 2270 1486 2333 cujus
1532 2273 1792 2334 superficies
1837 2276 1903 2327 est

200 2343 354 2405 glabra
385 2340 438 2389 δε
469 2342 627 2402 polita.

1793 2427 1898 2478 Hoc

259 2534 347 2587 (p)
380 2538 596 2579 Corallifera
624 2538 805 2579 Indorum
835 2539 958 2578 littora
993 2540 1175 2580 miramur
1195 2571 1208 2589 ,
1247 2542 1304 2581 scd
1348 2544 1506 2595 Capellae
1535 2556 1661 2596 portus
1699 2545 1830 2595 <locus
1857 2554 1898 2590 in

208 2599 474 2649 Gothlandia)
507 2614 694 2652 exaequat,
724 2601 803 2638 imo
830 2600 1019 2651 exsuperat
1040 2603 1205 2642 Orientis
1226 2617 1336 2653 opes:
1365 2597 1443 2643 *vidi
1474 2607 1799 2649 enimidenfiffima
1821 2613 1896 2650 Co-

206 2659 392 2698 miliorum
420 2659 529 2700 strata
549 2677 611 2714 per
631 2665 772 2714 integra
791 2661 906 2701 stadia
927 2667 962 2701 &
983 2663 1156 2703 milliaria
1176 2665 1280 2712 hujus
1304 2665 1434 2708 littoris
1454 2667 1489 2708 se
1509 2669 1757 2712 extendentia.
1800 2674 1893 2712 Lix-

205 2734 315 2765 mws
334 2728 374 2765 in
396 2725 582 2765 Oratione
599 2728 644 2766 de
660 2729 979 2778 Peregra‘natu'one
997 2731 1112 2767 intra
1131 2729 1329 2769 Patriam.

1009 2789 1053 2836 C
