2262 3182
712 196 1594 249 SUBSECIVA.
1935 214 1987 251 11

299 338 499 390 radices,
538 329 830 379 nihilominus
866 329 967 375 laete
1001 329 1046 374 in
1081 341 1290 391 magnam
1322 330 1600 377 altitudinem
1627 332 1855 389 crescunt,
1894 335 1997 392 quia

297 416 416 464 foliis
452 409 676 458 instruftae
700 409 826 466 sunt,
861 423 961 469 quae
984 421 1173 467 vapores
1195 411 1352 453 a'e'reos
1374 407 1607 465 hauriunt,
1643 414 1693 459 iis
1717 414 1999 471 nutriuntur,

297 503 429 550 atque
453 489 514 533 ita
538 483 742 532 defe&us
764 486 988 545 parvitatis
1012 483 1171 530 radicis
1192 483 1436 544 suppletur.

356 564 562 611 Industrii
594 561 778 610 Naturae
812 563 1036 609 venatoris
1068 560 1356 608 ΒοΝΝΕΤῙ
1383 562 1485 624 (r)
1514 563 1648 607 verba
1672 564 1823 612 afferre
1845 567 1908 613 fas
1933 567 1996 614 fit.

290 679 324 703 ,‚
364 642 531 689 Plantae
566 639 665 687 sunt
696 644 742 688 in
776 642 997 687 continuo
1020 637 1132 683 statu
1154 635 1387 694 suffionis,
1428 634 1599 696 semper
1632 636 1888 686 alimentum
1912 655 1996 687 tra-

292 754 325 777 „
360 720 499 778 hunt,
532 719 730 766 interdiu
752 717 1004 774 radicibus,
1043 717 1182 762 nodiu
1204 715 1347 760 foliis:
1385 716 1633 774 optandum
1656 729 1776 770 erat,
1812 731 1858 762 ut
1881 734 1993 776 quo·

287 830 319 853 ‚,
355 796 456 841 dam
493 795 682 843 artificio
718 805 922 839 accurate
960 792 1184 838 observari
1217 789 1262 837 δε
1295 793 1543 851 comparari
1579 791 1748 850 posset,
1785 806 1884 837 vera
1917 795 1994 838 ali-

286 905 320 932 „
356 874 494 918 menti
537 871 757 931 quantitas
784 907 796 929 ,
843 884 943 929 quae
983 883 1086 915 cum
1119 883 1142 913 a
1179 867 1401 913 radicibus
1438 881 1530 913 tum
1577 882 1600 912 a
1642 867 1761 913 foliis
1804 867 1992 929 sugitur:

289 980 322 1005 „
356 947 472 993 sorte
519 946 608 993 hoc
658 961 844 992 examen
878 945 1132 992 ostenderet
1166 958 1317 990 aerem
1342 980 1354 999 ‚
1413 959 1504 990 non
1550 945 1696 989 minus
1728 946 1994 991 incrementi

290 1056 324 1079 ‚‚
359 1037 491 1082 quam
526 1022 712 1069 Terram
738 1024 901 1084 plantis
924 1022 1095 1067 adferre
1120 1022 1218 1083 (s)
1235 1020 1275 1064 '’.
1311 1021 1354 1065 Si
1378 1022 1511 1082 igitur
1534 1020 1626 1065 Aer
1651 1020 1722 1083 (ut
1746 1036 1800 1067 ex
1819 1026 1994 1083 experi-

287 1101 445 1146 mentis
481 1099 789 1148 HALLEstt
824 1101 917 1164 (t)
954 1099 1005 1147 ὃ(
1040 1100 1327 1146 ΒοΝΝΕΤΙ
1361 1101 1542 1163 liquet>
1585 1114 1755 1149 tantum
1789 1103 1992 1148 conferat

284 1177 567 1222 incremento
603 1177 852 1237 plantarum
879 1210 893 1231 ,
929 1177 1129 1236 quamvis
1162 1175 1214 1222 fit
1248 1177 1445 1223 medium
1482 1179 1597 1226 adeo
1627 1178 1829 1240 jejunum
1854 1179 1905 1227 <Sc
1929 1193 1990 1225 te-

285 1265 374 1297 nue
399 1287 412 1308 .,
466 1252 773 1300 admirandum
818 1269 912 1299 non
959 1253 1019 1299 est
1046 1287 1060 1309 ‚
1115 1266 1275 1311 aquam
1318 1256 1532 1300 marinam
1558 1291 1571 1311 ,
1616 1269 1716 1315 quae
1762 1246 1991 1314 nunquam

284 1325 479 1385 stagnat,
514 1323 560 1371 ἃ
592 1328 912 1388 multiplicibus
936 1329 1167 1389 particulis
1197 1331 1259 1376 est
1285 1331 1472 1386 referta,
1510 1330 1716 1386 efficere,
1757 1343 1805 1376 ut
1826 1330 1991 1389 plantae

287 1401 465 1445 marinae
496 1400 661 1459 absque
687 1403 852 1448 auxilio
875 1406 1163 1463 expansarum
1189 1407 1413 1461 radicum,
1449 1408 1495 1451 in
1521 1419 1685 1452 tantam
1710 1406 1988 1453 altitudinem

289 1475 489 1521 crescant
514 1510 527 1530 ,
571 1476 724 1535 quales
761 1477 874 1537 saepe
897 1482 1185 1526 inveniuntur
1210 1482 1270 1542 (v
1287 1483 1328 1541 >-

352 1550 602 1614 Quomodo
638 1554 767 1600 multi
800 1555 1005 1603 crescunt
1026 1557 1189 1619 fungi?
1225 1571 1430 1616 quaenam
1466 1556 1565 1603 sunt
1590 1558 1760 1604 radices
1785 1557 1988 1603 Tremel-

279 1627 364 1684 lae,
390 1629 560 1677 Elvelae
577 1667 590 1687 ,
621 1632 1008 1697 Phalli,Quercui
1036 1633 1082 1681 δί
1104 1634 1219 1681 Palis
1240 1635 1468 1681 insidentis
1494 1635 1711 1698 Agarici,
1748 1650 1847 1695 quae
1872 1636 1989 1694 saepc

287 1720 462 1767 magnae
486 1709 617 1752 molis
641 1711 850 1753 evadunt.

348 1781 438 1828 Sed
474 1784 728 1828 ratiocinari
766 1784 1043 1840 desinamus,
1091 1785 1245 1842 potius
1282 1784 1548 1831 transeamus
1584 1788 1637 1833 ad
1674 1786 1745 1842 id,
1783 1783 1907 1845 quod
1932 1784 1986 1829 ab

219 1893 221 1895 ·
288 1862 591 1922 experientia,
627 1860 862 1920 discimus,
899 1861 955 1907 de
990 1862 1214 1908 radicibus
1250 1860 1300 1909 ἃ
1336 1849 1860 1925 [θηῑὶῃίὺιιςΡΙωπειιᾞῐη
1896 1876 1986 1907 ma-

289 1942 499 1987 rinarum.

1808 2013 1976 2060 Plantce

338 2108 427 2163 (r)
455 2111 624 2148 BONNET
645 2101 793 2155 l'Usage
813 2104 876 2143 des
892 2105 1061 2147 Feuilles.
1084 2114 1172 2157 pag.
1194 2106 1321 2145 XVIII
1344 2110 1379 2143 &
1402 2106 1490 2145 236.

332 2171 413 2223 (s)
444 2170 565 2209 Idem.
591 2167 684 2205 ibid.
707 2179 793 2218 pag.
816 2170 878 2208 66.

335 2232 419 2284 (t)
448 2231 648 2280 Vegetable
668 2230 805 2270 statics.

344 2292 430 2345 (v)
461 2291 733 2330 Eruditiffimus
762 2291 966 2343 Episcopus
1004 2290 1054 2329 E.
1087 2291 1371 2330 I’oNTOPPIDAN
1397 2288 1504 2328 tradit
1535 2288 1557 2337 †
1592 2288 1624 2327 s:
1661 2302 1787 2328 ramos
1809 2303 1830 2328 a
1853 2288 1984 2328 Litho-

284 2359 400 2413 pbyto
420 2355 582 2402 avulsos,
612 2354 758 2402 vidisse,
790 2369 951 2409 quorum
973 2353 1153 2393 diameter
1174 2354 1309 2408 septem
1330 2355 1505 2408 pollicum
1527 2365 1624 2399 erat;
1655 2350 1746 2389 alios
1767 2349 1856 2388 duas
1876 2351 1984 2390 ulnas

239 2436 242 2439 ·
282 2424 416 2472 longos
442 2424 478 2457 &
505 2419 656 2468 opicum
686 2416 780 2456 adeo
811 2419 1003 2463 tenuium,
1031 2429 1069 2455 ut
1090 2416 1202 2456 setam
1223 2421 1414 2470 porcinam
1440 2416 1717 2456 aemularentur:
1749 2414 1851 2453 Folia
1872 2416 1983 2453 etiam

288 2484 416 2535 plantae
438 2482 593 2520 marinae
612 2479 631 2501 *
652 2479 770 2526 vidit,
802 2482 848 2532 42
872 2480 976 2519 ulnas
998 2479 1110 2530 longa
1127 2508 1139 2527 ,
1165 2493 1279 2520 unam
1308 2482 1378 2521 lata
1394 2511 1405 2529 ‚
1436 2494 1516 2532 quae
1534 2480 1714 2531 imperitis
1736 2476 1848 2518 instar
1869 2478 1986 2530 pauni

286 2546 413 2587 viridis
434 2545 534 2583 serici
554 2544 792 2596 apparebant.

335 2664 363 2711 †
382 2659 543 2700 Versuch
562 2661 662 2699 einer
679 2663 797 2702 Natur
811 2658 943 2701 histor.
964 2672 1038 2702 von
1056 2660 1286 2711 Norwegen.
1307 2670 1402 2715 tomz
1422 2662 1454 2702 Ι.
1475 2671 1561 2712 μῦ.
1585 2672 1673 2713 273.

340 2727 361 2749 ⁵¹‘
388 2727 445 2768 ld.
466 2724 559 2765 ibid.
581 2737 668 2777 pag.
691 2728 780 2778 269.
1050 2777 1087 2824 B
1123 2789 1149 2824 2
