2262 3182
636 182 1669 242 SUBSECIVA.·
1860 214 1916 250 21

301 321 416 371 Haec
437 319 597 379 dubia,
631 319 866 381 prolixiori
890 318 1054 379 scripto
1071 351 1086 375 ,
1109 331 1212 365 cum
1243 318 1450 368 societate
1476 324 1622 388 Regia
1643 325 1923 377 Londinensi

237 399 590 455 communicavi,
625 411 711 444 nec
733 411 757 442 a
781 394 1093 456 sapientissimis
1125 395 1244 441 Viris
1265 397 1444 455 prorsus
1470 401 1653 460 rejecta,
1689 404 1763 451 sed
1789 406 1925 469 digna

229 473 423 536 judicata
457 474 582 532 sunt,
618 489 720 535 quae
753 472 1081 532 Philosophicis
1116 470 1511 520 Transactionibus
1535 479 1637 521 anni
1668 493 1789 543 1757
1809 483 1922 529 inse.

230 565 448 599 rerentur.
516 551 785 599 Praelechlra
818 552 950 597 etiam
975 549 1137 597 nostrae
1162 548 1416 609 sententiae,
1455 552 1701 599 nonnullos
1725 558 1923 605 eruditos

227 627 425 674 haefitare
455 626 586 686 fecit,
624 626 675 675 δε
699 628 745 674 in
768 626 988 673 diversum
1020 627 1176 682 traxit,
1213 627 1380 673 etiamsi
1416 630 1606 674 eximius
1628 628 1812 678 ELL1s
1837 633 1925 680 dis·

229 702 448 758 sentiens,
482 703 649 762 aliquas
684 701 966 762 objecfftiones
1000 700 1052 749 δε
1082 702 1482 751 animadversiones
1515 707 1560 751 in
1596 706 1792 752 medium
1815 723 1919 767 pro-

229 778 409 835 tulerit,
445 779 559 825 adeo
593 791 641 824 ut
662 778 760 823 haec
781 791 879 832 res,
915 791 1017 836 quae
1041 776 1291 824 nonnullos
1317 790 1403 824 tarn
1423 778 1644 839 fautores,
1685 795 1819 840 quam
1846 782 1921 827 ad-

224 855 438 902 versarios
473 853 602 902 musta
635 853 728 912 est,
764 853 853 901 huc
890 854 1027 914 usque
1062 854 1255 901 indecisa
1287 864 1504 914 maneat3'
1536 855 1588 905 &
1621 858 1725 905 ideo
1761 872 1921 919 optan-

224 928 332 974 dum
361 928 479 976 foret
504 962 519 986 ,
562 940 612 973 ut
634 926 828 976 historiae
863 930 1073 977 naturalis
1110 930 1306 978 cultores
1337 946 1483 992 prope
1522 946 1642 979 mare
1675 933 1920 997 degentes,

221 1008 299 1064 qui
328 1004 532 1063 quotidie
563 1018 791 1051 recentem
826 1005 904 1052 fibi
939 1021 1099 1067 aquam
1141 1009 1357 1054 marinam
1401 1023 1665 1070 comparare
1711 1008 1919 1069 pofi'unt,

218 1079 391 1139 aliquot
414 1079 581 1139 species
607 1079 966 1140 Corallinarum‚
995 1081 1278 1129 infidentium
1301 1084 1445 1131 adhuc
1471 1085 1653 1131 Matrici
1667 1120 1683 1143 ,
1721 1085 1805 1131 five
1819 1084 1918 1131 hoec

213 1154 348 1201 fuerit
378 1154 530 1215 planta
565 1157 740 1202 concha
774 1157 936 1204 testave
956 1193 969 1214 ,
992 1159 1036 1204 in
1059 1157 1218 1218 phialis
1244 1161 1393 1206 vitreis
1419 1160 1722 1216 custodirent,
1757 1175 1917 1220 aquam

217 1231 451 1290 quotidie,
489 1230 639 1277 saltem
674 1231 837 1289 semel,
873 1247 1167 1290 renovarent,
1204 1233 1607 1297 observarentque,
1646 1250 1793 1284 utrum
1820 1236 1915 1283 Co·

215 1309 384 1357 rallinae
418 1308 499 1355 fint
522 1323 716 1370 corpora
736 1313 1016 1373 vegetantia,
1050 1326 1104 1358 an
1128 1312 1401 1373 productum
1425 1315 1645 1362 animale?
1681 1314 1916 1376 Quicquid

215 1398 365 1433 autem
409 1383 774 1443 deprehendetur
800 1420 814 1442 ,
859 1387 968 1433 mihi
1004 1390 1235 1435 veritatem
1272 1403 1442 1436 tantum
1475 1393 1677 1444 amanti,
1727 1390 1917 1452 perinde

213 1464 324 1517 erit,
361 1474 574 1521 praeterea
607 1462 725 1508 clare
760 1463 1101 1510 describendum
1131 1467 1241 1521 erit,
1276 1468 1514 1524 quomodo
1549 1481 1624 1514 aut
1646 1468 1817 1515 Plantae
1838 1482 1917 1515 ve·

211 1538 407 1600 getatio,
442 1550 516 1582 aut
538 1536 757 1583 Animalis
783 1552 898 1598 opus
928 1539 1188 1598 perficiatur
1213 1575 1228 1596 ,
1275 1540 1303 1585 fi
1341 1556 1397 1588 eo
1433 1543 1572 1603 usque
1607 1544 1819 1590 mortales
1853 1545 1915 1591 lau

209 1614 322 1659 bore
348 1612 625 1671 &industria
647 1617 883 1672 pervenire
907 1616 1082 1675 possint.
1154 1616 1392 1680 Quidquid
1429 1621 1507 1678 fit,
1543 1625 1589 1669 in
1626 1623 1822 1668 animum
1845 1624 1915 1669 ino

206 1686 312 1733 duxi
347 1699 598 1732 memorato
631 1676 770 1732 mbdo
797 1686 1051 1732 Corallinas
1085 1691 1320 1737 observare
1341 1727 1354 1747 ,
1393 1698 1512 1753 fique
1549 1701 1799 1745 invenerim
1834 1712 1907 1744 me

201 1776 296 1809 non
332 1772 499 1805 temere
523 1757 765 1815 dubitasse,
800 1760 870 1805 vel
904 1775 929 1805 e
965 1766 1195 1808 contrario
1232 1767 1434 1813 erravisse
1459 1805 1472 1825 ‚
1522 1770 1567 1815 id
1605 1774 1667 1817 rei
1700 1771 1910 1823 naturalis

200 1834 414 1885 Studiofis
443 1834 689 1881 indicabo:
739 1836 910 1883 interea
944 1838 1163 1897 quicquid
1197 1842 1243 1886 in
1279 1841 1522 1891 Corallinis
1557 1846 1909 1907 observaverim,

200 1914 289 1976 Jam
324 1912 553 1958 memoriae
591 1911 774 1957 tradam.

274 1988 477 2050 Oportet
512 2001 561 2034 ut
597 1987 846 2038 Corallinae
893 1989 1208 2038 distribuantur
1255 1993 1301 2039 in
1351 1991 1591 2056 Conservas
1628 1994 1675 2042 &
1709 1996 1903 2048 Sertulae

200 2069 308 2116 rias.

269 2141 494 2205 Confervae
525 2143 624 2190 sunt
655 2142 928 2201 Corallinae,
963 2159 1066 2204 quae
1102 2159 1155 2192 ex
1177 2148 1263 2193 bafi
1287 2148 1450 2208 absque
1475 2161 1664 2209 trunco,
1699 2151 1891 2210 multos,

199 2237 381 2279 tenues,
419 2220 585 2283 longos
617 2236 762 2269 ramos
797 2223 881 2269 five
914 2223 1023 2269 folia
1058 2227 1294 2284 emittunt,
1330 2228 1575 2274 constantia
1604 2244 1657 2275 ex
1680 2230 1891 2277 brevibus

197 2299 420 2353 articulis,
455 2299 500 2343 in
534 2297 698 2357 quibus
732 2298 881 2347 aestate
913 2298 966 2349 ἃ
998 2313 1242 2362 autumno,
1281 2303 1395 2364 saepe
1433 2303 1635 2352 veficulae
1659 2304 1889 2353 seminales

198 2373 464 2434 speGiantur.
488 2392 517 2423 a
1910 2377 2089 2417 aTab.1‚

1710 2447 1884 2497 Omnes

148 2576 153 2583 .-
193 2521 266 2566 vit‚
296 2522 404 2561 veluti
431 2524 482 2563 est
510 2524 699 2564 Corallina
727 2524 916 2566 veficulata
944 2530 1044 2568 caule
1064 2533 1239 2583 angulato
1259 2533 1383 2585 rigido
1403 2534 1515 2572 ramis
1534 2533 1643 2573 dense
1659 2533 1819 2587 stipatis,
1850 2542 1888 2576 ὅ(

192 2583 383 2624 bifurcatis
410 2589 689 2627 terminantibus
704 2617 715 2635 ,
743 2588 936 2629 denticulis
964 2593 1058 2631 cauli
1089 2595 1273 2645 oppreffis.
1294 2596 1392 2636 Tab.
1413 2597 1461 2636 V.
1482 2595 1548 2648 fig.
1571 2598 1608 2636 b.
1633 2600 1673 2636 B.
1695 2603 1730 2635 δι
1753 2599 1885 2638 Coral-

191 2647 266 2686 lina
291 2648 432 2696 erecta,
461 2662 616 2700 pennata
647 2651 839 2693 denticulis
867 2653 1038 2705 alternis,
1066 2656 1159 2696 cauli
1184 2659 1377 2711 appreffis,
1404 2659 1583 2701 conchitis
1608 2660 1664 2702 vel
1685 2661 1879 2712 Polypodii

132 2706 135 2713 '
166 2727 168 2729 ·
189 2707 296 2751 faeie.
323 2712 419 2753 Tab.
440 2714 509 2753 VI.
529 2711 596 2765 fig.
615 2728 651 2756 a.
669 2718 720 2759 A,
1037 2769 1078 2818 C

1116 2785 1143 2833 3
