2262 3182
612 192 1490 245 SUBSECIVA.
1849 218 1908 265 39

222 345 335 394 pore
367 326 534 378 vernali
570 339 753 375 currunt
791 325 1068 388 prodeuntes
1103 324 1268 371 Aranei
1296 360 1309 381 ,
1356 342 1547 383 quorum
1581 328 1710 379 nidus
1737 333 1915 395 attingi-

225 424 306 456 tur.
374 407 568 453 Plurima
602 406 774 466 aliquot
806 405 937 451 faetus
972 405 1115 463 caepi,
1154 403 1456 462 microscopio
1481 407 1815 466 speetabantur,
1849 412 1913 457 uti

221 488 394 547 exiguae
432 484 692 531 manuenses
730 485 910 530 bombae
945 481 1146 528 bellicaet
1183 484 1227 528 in
1252 495 1456 541 quaenam
1480 484 1680 530 animalia
1702 487 1911 533 mutanda

217 577 370 620 erant,
403 563 606 610 nondum
643 561 875 622 explorare
909 562 1067 621 potuiz,
1103 559 1315 607 affirmare
1349 573 1493 604 tamen
1518 560 1689 616 audeo,
1724 560 1816 610 non
1841 564 1909 610 fu.

218 654 342 688 tulos
377 642 576 703 Polypos
595 678 611 702 ‚
662 644 860 702 quamvis
894 641 956 686 hi
976 640 1221 687 admodum
1255 640 1512 698 frequentes
1547 639 1781 686 Corallinis
1813 641 1910 688 inst-

214 718 380 773 deant
417 722 521 778 quia
556 733 640 764 ova
674 720 947 779 polyporum
983 718 1245 782 separatim,
1271 733 1364 765 non
1399 731 1547 764 autem
1582 717 1711 777 plura
1746 719 1791 764 in
1827 734 1911 765 una

215 793 455 853 Veficula‚
488 796 650 856 jacent.

281 874 332 920 Iu
369 874 622 931 Alcyonio,
654 872 785 931 quod
812 872 970 933 pulmo
997 874 1191 919 marinus
1223 884 1436 927 vocatur,
1472 871 1688 919 Ovarium
1711 870 1910 926 offendi,

215 950 337 1009 quod
377 949 510 994 oculo
549 948 680 994 instar
713 948 802 995 albi
834 952 1048 996 cremoris
1083 948 1211 996 laetis
1245 949 1478 996 videbatul
1503 983 1516 1003 ‚
1564 948 1638 993 sed
1671 947 1909 994 microsco-

214 1031 292 1088 pio
327 1042 457 1086 parva
492 1027 589 1073 alba
625 1042 709 1074 ova
742 1029 1044 1088 apparebant,
1079 1026 1249 1074 viscoso
1283 1026 1460 1072 humori
1498 1026 1756 1081 insidentia,
1789 1022 1912 1070 velu·
1948 1041 2042 1080 Tab
2054 1043 2101 1082 v

214 1104 248 1148 ti
283 1117 365 1148 ova
401 1104 445 1148 in
480 1118 684 1151 ranarum
720 1105 954 1165 spermate.
1024 1104 1332 1152 Vehementer
1367 1103 1557 1160 dubito,
1592 1117 1648 1148 an
1684 1116 1778 1147 non
1816 1100 1910 1145 fue·
1927 1091 1994 1144 fig·
2009 1095 2045 1132 8

214 1181 302 1225 rint
331 1180 421 1226 lova
456 1181 727 1229 Balanorum
763 1186 1065 1242 marinorum,
1112 1186 1216 1244 quia
1250 1181 1377 1227 multi
1412 1183 1562 1244 exigui
1595 1179 1780 1236 Balani,
1814 1190 1907 1223 tan·

216 1268 307 1302 tum
343 1258 643 1320 microscopio
679 1259 1012 1325 distinguendi,
1049 1260 1260 1319 alcyonio
1292 1258 1396 1306 huic
1432 1257 1695 1306 insidebant.

833 1417 956 1466 Finis
991 1418 1120 1467 Libri
1155 1417 1312 1467 Primi.

1776 2788 1920 2842 TA-
