2262 3182
409 207 470 263 58
868 201 1653 254 OPUSCULA

413 347 438 379 a
474 328 744 390 Corallinis,
781 343 830 377 ut
863 331 915 380 δε
954 333 1201 381 Sertulariis
1234 335 1286 382 ὃς
1320 336 1416 382 aliis
1439 338 1712 399 Zoo-phytis
1746 341 1878 402 plane
1903 341 2106 400 alienus,
2143 388 2162 405 j

416 405 478 451 est
516 404 689 451 Vermis
729 407 884 452 tubum
918 409 1196 465 inhabitans,
1233 426 1287 457 ex
1311 412 1719 474 Scolopendraruln
1750 432 1943 479 genere,
1980 431 2028 463 ut
2051 432 2105 465 ex
2154 451 2160 455 f

414 481 677 527 eorumdem
713 482 1012 544 descriptione
1045 501 1150 532 mox
1185 489 1371 546 patebit.

479 558 654 605 Verum
689 559 814 606 aliter
849 576 1101 621 comparata
1132 563 1192 609 est
1216 564 1477 610 Sertularia:
1513 567 1638 625 quod
1674 569 1700 613 fi
1738 571 1985 615 attentione
2018 568 2104 615 suf·

413 633 590 679 ficiente
627 635 875 694 expendas,
911 652 1010 695 quae
1041 638 1096 684 de
1124 639 1429 685 Coralliorum
1465 640 1655 703 Origine
1689 644 1960 690 dofftiffiinus
1994 643 2104 690 Do-

409 724 554 755 NATI
593 713 744 774 (m),
783 711 827 757 ἀ
864 714 918 758 de
959 716 1136 760 maximi
1163 718 1339 778 generis
1374 716 1679 775 Polyporum,
1716 720 1840 777 ipse,
1876 722 1919 765 in
1952 721 2102 779 primo

406 789 566 834 horum
606 788 943 848 Opusculorum
980 792 1239 851 l⁴''asc‘iculo‚
1280 794 1368 838 dixi
1396 794 1508 856 (η);
1545 793 1585 837 Α
1610 795 1756 851 primo
1781 794 1916 853 usque
1944 797 2101 848 initio,

406 872 643 931 perfeetum
672 871 859 915 omnino
877 873 1205 931 vegetationem
1233 871 1835 930 obtinere,persualiffimum
1862 872 2104 917 tibifuerit.

404 945 570 1005 Liquet
605 946 704 991 sane
739 946 872 992 ovula
908 946 1004 992 haec
1031 980 1044 1000 ,
1090 958 1347 990 tenerorum
1383 943 1512 988 instar
1544 945 1793 1004 germinum
1817 978 1830 998 ,
1878 959 2098 990 novorum

404 1024 537 1070 instar
572 1023 876 1068 membrorum
901 1055 915 1076 ,
961 1021 1110 1064 matris
1143 1033 1197 1064 ex
1232 1032 1427 1077 corpore
1461 1017 1706 1077 pullulare,
1755 1019 1908 1077 postea
1937 1021 2101 1081 majora

404 1099 499 1145 fieri
525 1133 538 1154 ,
585 1097 935 1144 ramusculorum
971 1110 1096 1141 more
1130 1094 1403 1140 succrescere
1427 1129 1439 1150 ,
1490 1090 1540 1138 ἃ
1574 1092 1751 1137 tandem
1787 1092 1841 1137 ad
1876 1096 2102 1139 maturita-

405 1189 494 1222 tem
531 1173 747 1234 perducta
784 1173 1022 1226 decidere,
1057 1170 1108 1218 ἅ·
1143 1170 1365 1229 lapidem,
1403 1167 1650 1223 concham,
1685 1180 1758 1212 aut
1791 1182 1957 1226 corpus
1979 1170 2099 1215 aliud

403 1253 562 1299 durum
597 1251 903 1306 offendentia,
942 1249 1086 1294 eidem
1124 1247 1193 1292 vel
1231 1245 1485 1309 glutinos'it,
1523 1259 1609 1303 qua
1645 1245 1845 1290 involuta
1869 1244 1968 1293 sunt
1993 1245 2099 1292 testei

402 1329 486 1375 five
523 1330 722 1381 cortice,
759 1325 828 1370 vel
863 1325 1073 1383 insequali
1110 1323 1241 1383 ipsius
1267 1322 1473 1382 corporis
1498 1319 1763 1379 superficie,
1799 1320 1948 1367 donec
1973 1321 2106 1367 suetus

401 1403 695 1452 excludantur
711 1436 724 1457 ,
759 1400 1068 1447 inhaeresce're.

465 1481 570 1527 Sola
604 1479 733 1538 hujus
774 1478 912 1523 Ovuli
947 1479 1078 1530 testa,
1114 1477 1326 1535 proprie,
1367 1487 1563 1528 naturae,
1599 1472 1628 1516 fi
1652 1472 1759 1516 mihi
1792 1473 1850 1518 ita
1884 1472 2009 1532 loqui
2044 1474 2097 1519 li·

398 1569 526 1607 ceat,
561 1553 834 1614 Vegetabilis
872 1551 965 1608 cst,
1003 1551 1190 1610 perinde
1226 1564 1281 1594 ac·
1312 1548 1392 1594 alia
1418 1547 1607 1601 semina,
1644 1560 1798 1605 parvas
1825 1547 1999 1607 aliquot
2031 1563 2096 1594 ra-

399 1632 594 1687 diculas,
630 1629 684 1675 ad
719 1628 833 1674 latus
860 1628 1005 1687 ejicit,
1041 1629 1202 1686 quibus
1236 1625 1359 1670 affixz
1381 1636 1563 1678 manet,
1601 1622 1646 1669 ἃ
1668 1624 1860 1682 primum
1886 1625 2097 1672 brevibus

398 1705 555 1753 crescit
590 1701 785 1748 articulis
822 1700 912 1762 (o).

457 1783 688 1828 Internum
721 1790 828 1821 vero
863 1774 992 1834 hujus
1030 1774 1117 1819 Ovi
1156 1771 1358 1818 Aniuzale
1381 1770 1472 1823 est,
1508 1769 1628 1813 simul
1652 1785 1752 1815 cum
1784 1772 1888 1816 testa
1916 1787 2092 1835 vegeta⁴

392 1859 504 1916 bili,
552 1856 707 1902 eadem
741 1853 942 1906 ratione,
988 1850 1242 1908 eodemque
1275 1846 1431 1892 crescit
1465 1858 1699 1903 tempore,
1734 1847 1780 1891 in
1819 1849 2091 1897 ramusculos

396 1932 692 1993 dispergitur,
730 1942 754 1972 e
789 1928 952 1985 quibus
989 1927 1203 1985 temporis
1238 1921 1497 1985 progressu,
1532 1921 1605 1965 alii
1638 1922 1795 1967 Flores
1829 1922 1902 1968 seu
1928 1924 2089 1985 Polypi

391 2009 660 2069 prodeunt,
707 2007 783 2065 qui
819 2005 941 2050 suum
978 2006 1122 2051 rursus
1158 2004 1304 2050 semen
1356 2001 1429 2046 seu
1478 1999 1609 2045 ovula
1634 2034 1648 2054 ,
1695 2016 1972 2062 quocunque
2006 2019 2090 2050 no-

391 2087 514 2130 mine
549 2084 646 2129 haec
681 2096 842 2128 vocare
878 2082 1085 2138 libuerit,
1124 2082 1201 2127 suo
1240 2083 1432 2143 gignunt
1467 2089 1684 2136 tempore.

455 2158 507 2204 Id
544 2172 838 2220 argumento,
875 2160 999 2203 omni
1036 2159 1334 2217 exceptione,
1370 2168 1418 2200 ut
1451 2155 1557 2199 mihi
1592 2153 1774 2212 quidem
1800 2156 1973 2202 videtur
1995 2171 2086 2203 nia-

391 2237 501 2297 50ri,
534 2237 773 2294 probatum
810 2235 1038 2293 comperi,
1075 2237 1121 2280 in
1156 2231 1424 2291 Zoo-phyto
1460 2230 1686 2289 quodam,
1722 2231 1849 2290 quod

525 2311 764 2357 Sertularia
799 2312 1010 2357 Abietina
1046 2310 1190 2357 LmN.
1228 2308 1321 2354 No.
1356 2322 1398 2366 5.

1988 2383 2086 2428 Ser-

442 2485 526 2537 (m)
555 2486 712 2525 Histoire
732 2485 775 2525 de
793 2486 827 2524 la
848 2487 931 2525 Mer
952 2483 1192 2536 Adrknique,
1220 2493 1307 2535 pag.
1334 2493 1385 2534 49
1406 2487 1442 2521 &
1463 2481 1540 2533 seq,

439 2549 513 2600 (η)
553 2550 643 2597 Pag.
665 2559 710 2593 30
731 2553 766 2585 &
785 2546 911 2586 confer
930 2548 1004 2585 tab.
1027 2548 1098 2586 111.
1122 2545 1187 2598 fig.
1211 2561 1244 2585 c.
1268 2560 1302 2584 c.
1323 2559 1357 2584 c.

430 2611 524 2662 (ο)
556 2610 613 2648 Id.
639 2609 730 2647 ibid.
755 2623 839 2661 pag.
863 2624 910 2650 22
942 2617 977 2649 &
999 2611 1096 2649 Tab.
1122 2613 1154 2650 1.
1175 2608 1242 2661 fig.
1273 2621 1315 2657 1,
1345 2622 1381 2648 2.
1432 2606 1528 2647 vide
1559 2606 1667 2645 etiam
1693 2606 1738 2645 de
1762 2606 1868 2646 fimili
1899 2605 2082 2656 Zoopliy·

386 2685 425 2712 to
443 2701 453 2717 ,
481 2673 520 2710 in
540 2684 634 2721 aqua
654 2670 772 2716 dulci,
800 2673 911 2710 etiam
939 2673 1094 2711 articulis
1121 2671 1321 2719 crescente,
1349 2682 1388 2712 ut
1412 2669 1605 2711 Settulatia
1634 2669 1811 2715 inmari,
1839 2670 2071 2711 Rostrum,

383 2735 511 2786 Suppl.
532 2746 626 2774 tom.
649 2734 724 2775 111.
747 2734 844 2776 Tab.
865 2737 928 2785 98.
950 2733 1017 2786 fig.
1038 2736 1076 2775 6.
