2262 3182
626 190 1494 247 SUBSECIVA.
1852 220 1912 268 29

224 325 413 373 elabitur
437 357 450 379 ‚
496 327 727 384 praecipue
764 322 945 383 quando
980 323 1151 383 aliquot
1185 323 1342 370 diebus
1376 330 1459 375 fuit
1494 333 1709 389 servatus,
1758 335 1805 382 &
1837 337 1915 384 dc-

223 401 340 447 fe&u
375 400 573 446 alimenti
607 402 822 446 emacuit:
862 414 952 445 tum
991 401 1112 444 enim
1142 414 1234 445 non
1260 401 1449 460 amplius
1473 405 1513 449 se
1538 408 1734 455 ereetum
1760 424 1914 458 tenere

219 477 392 538 potest,
426 477 498 522 scd
522 480 566 523 in
591 478 702 523 laus
726 477 936 533 inclinat,
970 476 1187 533 inflexus,
1220 492 1323 523 cum
1359 491 1466 524 vero
1502 495 1704 529 mortuus
1741 487 1828 544 est,
1864 486 1916 535 δε

218 552 451 599 Corallina
487 556 771 610 concutitur,
808 554 914 599 ilico
942 554 1120 598 excidit.
1189 553 1504 616 Microscopio
1529 557 1658 603 facile
1682 542 1916 611 discrimen

215 631 357 676 videri
391 631 537 690 potest
560 667 574 686 ‚
617 634 731 677 inter
768 631 963 690 asperam
998 642 1147 675 cutem
1181 629 1341 690 Polypi
1365 666 1379 687 ,
1426 631 1477 679 ὃζ
1504 633 1811 695 glaberrimam
1847 637 1913 683 su-

212 706 444 766 perficiem
485 707 764 753 Corallinae:
814 706 995 765 quando
1041 721 1224 765 quoque
1271 709 1369 766 quis
1418 708 1691 754 Corallinam
1741 712 1912 757 tubula-

214 785 321 830 riam
350 819 364 839 ‚
411 784 560 830 multis
591 783 841 830 viventibus
877 782 1059 843 Polypis
1095 784 1306 830 obsessam
1332 820 1345 840 ,
1404 785 1572 845 spiritui
1604 785 1817 832 frumenti
1848 789 1913 833 in-

210 864 374 916 mittit,
410 863 516 908 ilico
551 862 758 924 distingui
789 861 961 919 potest,
997 863 1136 909 molle
1162 879 1330 925 corpus
1353 865 1516 925 Polypi
1544 864 1585 910 se
1610 865 1915 913 contrahentis

208 950 233 982 a
269 935 457 990 tubulo,
491 935 568 994 qui
602 949 693 994 prae
730 934 891 980 duritie
928 935 1113 998 figuram
1145 942 1323 987 retinet.

273 1011 498 1071 Equidem
532 1010 767 1057 convietus
803 1010 895 1056 sum
921 1045 935 1065 2
982 1012 1079 1059 haec
1114 1019 1265 1062 omnia
1299 1032 1468 1067 tantum
1505 1022 1729 1080 probare,
1779 1022 1915 1082 Poly⁴²

204 1101 314 1146 pum
348 1085 399 1133 δε
433 1086 704 1133 Corallinam
741 1087 1007 1132 tubulariam
1057 1089 1143 1136 five
1189 1094 1389 1140 canalem
1411 1131 1424 1152 ,
1479 1111 1612 1155 quem
1651 1097 1869 1144 inhabitat
1893 1132 1908 1155 ‚

204 1164 290 1209 ess'e
336 1165 426 1210 duo
474 1163 679 1210 distincia
725 1179 954 1224 corpora:
1003 1166 1077 1211 sed
1124 1168 1212 1215 hoc
1258 1182 1404 1217 tamen
1440 1187 1533 1219 non
1571 1173 1908 1235 demonstrare,

201 1256 305 1288 eum
340 1244 537 1290 canalem
574 1258 674 1289 cum
712 1243 889 1303 Polypo
938 1259 1032 1290 non
1081 1246 1205 1292 fimul
1256 1249 1435 1295 crevisse
1460 1283 1474 1305 ,
1521 1251 1906 1309 quemadmodum

201 1318 361 1364 teredo
385 1353 399 1373 .,
445 1321 520 1377 qui
556 1319 682 1378 palos
717 1319 954 1378 perforat„
1009 1336 1112 1368 cum
1156 1325 1267 1370 tubo
1295 1361 1310 1383 ,
1361 1328 1404 1372 in
1442 1341 1533 1385 quo
1572 1328 1767 1384 habitat,
1813 1340 1908 1373 tum

200 1393 393 1441 Eschara
429 1396 637 1455 tubipora
674 1395 760 1442 &c.
797 1411 901 1443 cum
936 1398 1239 1453 animalculis,
1277 1414 1376 1458 quae
1411 1402 1451 1445 ei
1491 1401 1653 1447 insunt.
1724 1402 1811 1448 Sed
1853 1401 1906 1449 ἃ*

199 1469 298 1516 haec
335 1473 565 1518 Corallina
602 1473 791 1518 multum
827 1475 881 1518 ab
918 1475 1014 1519 aliis
1050 1476 1267 1534 discrepat
1313 1476 1545 1534 speciebus
1570 1511 1583 1530 ‚
1632 1490 1719 1521 tam
1758 1479 1802 1521 in
1837 1491 1905 1522 ra-

197 1545 371 1594 dicibus
408 1549 459 1597 ἃ
493 1551 632 1596 modo
669 1549 925 1605 crescendi,
975 1563 1023 1595 ut
1058 1551 1240 1610 quidem
1278 1567 1402 1599 novo
1439 1554 1641 1600 examine
1679 1567 1793 1613 opus
1826 1552 1903 1608 fit,

193 1623 249 1668 ad
285 1626 377 1684 ejus
411 1628 591 1685 plenam
628 1628 978 1682 descriptionem
1017 1630 1332 1677 exhibendam.

257 1698 455 1758 Polypus
490 1704 742 1746 incarnatus
779 1697 1016 1744 instrufihm
1047 1699 1108 1744 est
1137 1701 1314 1748 duobus
1342 1707 1651 1754 differentibus
1677 1709 1896 1766 brachiis,

186 1774 311 1833 quod
347 1776 392 1819 in
428 1774 523 1819 aliis
559 1772 835 1831 polyporum
874 1774 1114 1833 generibus
1150 1790 1243 1820 non
1284 1779 1521 1824 invenitur.
1591 1782 1810 1828 inferiora
1841 1781 1895 1829 <Sc

185 1851 375 1911 maxima
422 1846 630 1893 bracchia
675 1860 865 1891 numero
913 1845 1011 1891 sunt
1054 1848 1108 1893 18
1147 1862 1222 1894 aut
1258 1865 1316 1914 ao
1352 1868 1378 1898 a
1408 1888 1421 1906 ‚
1473 1854 1663 1911 expansa
1698 1856 1929 1920 formanta
1950 1885 2030 1923 Tab

188 1912 412 1984 patinam,
458 1926 503 1969 in
540 1922 665 1982 cujus
704 1921 883 1977 medin,
927 1924 1112 1982 proprie
1148 1924 1209 1969 est
1244 1941 1410 1986 corpus
1446 1926 1607 1987 Polypi
1643 1916 2054 1989 pulcherri-111.fig³.

189 2016 262 2048 me
296 2002 417 2047 rubri
454 2000 633 2045 coloris.
1901 1996 2042 2035 2’3’4'

252 2077 435 2136 Corpus
471 2076 559 2121 hoc
594 2076 754 2135 Polypi
790 2079 834 2122 in
870 2078 977 2123 duas
1014 2079 1150 2125 dividi
1182 2080 1329 2139 potest
1363 2094 1538 2140 partes,
1573 2082 1722 2129 infima
1756 2098 1886 2146 pars,

186 2155 260 2199 cui
292 2154 431 2199 cauda
465 2152 746 2208 adhaerescit‚
786 2153 1061 2199 Corallinam
1098 2157 1360 2202 tubulariam
1398 2159 1678 2220 ingreditur,
1714 2160 1774 2205 est
1809 2176 1882 2207 ro-

184 2230 348 2285 tunda,
394 2228 626 2287 applanata
649 2263 662 2283 ‚
708 2230 754 2273 in
793 2229 943 2276 medio
977 2231 1408 2290 perpendiculariter
1442 2235 1626 2296 erigitur
1656 2237 1681 2280 h
1718 2249 2022 2304 corpustab·

183 2306 458 2364 pyrfforme,
494 2319 619 2365 parte
656 2304 855 2350 crasliore
891 2306 1082 2362 sursum,
1119 2310 1235 2354 circa
1271 2310 1395 2368 quod
1440 2325 1488 2357 12
1529 2325 1603 2356 aut
1646 2326 1700 2369 14
1736 2313 2074 2365 ιηίηο-ΙΙΙᾙμἶ

183 2395 231 2425 ra
263 2383 440 2446 brachia
476 2383 575 2427 sunt
609 2382 947 2440 circumposita,
983 2383 1142 2429 horum
1180 2388 1299 2431 enim
1336 2402 1546 2432 numerus
1581 2401 1671 2431 non
1706 2386 1879 2447 semper
1918 2368 2020 2405 A.c.

181 2457 244 2502 est
279 2458 419 2503 idem:
456 2459 654 2518 Pulypus
685 2460 830 2518 potest
868 2459 954 2504 hoc
991 2476 1158 2521 corpus
1192 2464 1436 2523 pyriforme
1471 2466 1516 2508 in
1549 2477 1751 2525 magnam
1777 2464 1877 2509 lon-

181 2535 430 2596 gitudinem
464 2552 485 2581 c
522 2536 790 2590 extendere,
835 2539 1064 2595 praecipue
1100 2555 1202 2584 cum
1239 2540 1388 2600 prfeda
1422 2551 1577 2597 capta,
1626 2537 1667 2583 se
1702 2553 1909 2599 contra-c
1937 2560 2030 2600 Τὼ,

179 2610 271 2669 hit,
308 2611 542 2671 potestque
576 2613 620 2658 id
655 2626 889 2671 tantopere
915 2606 1202 2672 abbreviare,
1239 2628 1287 2662 ut
1313 2628 1482 2666 tantum
1505 2614 1640 2674 pilam
1666 2609 2067 2697 exiguamffl-gffw'

180 2691 224 2736 in
253 2689 388 2751 plano
425 2691 608 2751 positam
639 2692 875 2741 aemuletur
897 2692 938 2739 d.
968 2768 1016 2816 D
1634 2771 1636 2773 ι
1818 2767 1837 2812 1
1887 2732 2063 2782 ‘3533-

1015 2783 1018 2789 “
1053 2786 1077 2833 3
1841 2783 1868 2813 Π
1952 2796 1986 2820 c.
