2262 3182
560 176 1439 230 SUBSECIVA.
1794 209 1849 242 21

181 319 249 352 res
289 303 470 350 domum
500 306 767 354 advenarum
801 307 978 368 plenam
1012 309 1097 355 effe
1122 343 1135 365 ,
1180 310 1363 370 hospitis
1399 313 1460 358 sui
1496 327 1673 363 carnem
1708 318 1847 367 chelis

179 376 391 436 stringit,
439 377 513 434 qui
537 410 549 430 ‚
601 377 775 422 concha
808 392 913 422 mox
950 379 1126 434 clausa,
1174 382 1365 429 inclusos
1408 399 1538 432 necat
1569 390 1807 448 pisciculos
1831 425 1845 446 ‚

176 451 423 507 iisdemque
465 449 594 494 alitur
617 484 630 505 ,
676 464 845 509 partem
880 453 1041 511 praedae
1074 455 1195 502 socio
1232 458 1487 519 relinquens
1525 465 1592 521 (x
1607 467 1647 526 ).
1720 470 1849 529 Sepia

175 526 402 572 tentaculis
435 527 515 570 ocio
535 558 548 579 ‚
586 525 672 571 Gr.
702 526 808 572 hod.
845 530 1099 575 Οκτωποὸιοε
1131 527 1266 574 hostis
1300 530 1360 575 est
1393 531 1844 600 infenfiffi1m1sl1ujus

174 598 368 645 animalis
395 632 408 653 ‚
453 612 552 656 quae
577 631 590 652 ‚
638 612 769 656 quam
794 598 987 657 primum
1021 598 1216 656 aperitur
1251 598 1356 643 testa
1380 633 1394 654 ‚
1439 602 1631 662 irrepit,
1669 606 1713 651 &
1748 611 1844 655 ani·

172 673 258 719 mal
283 672 496 724 dem-uim,
534 671 610 716 nili
633 671 953 731 impediretur,
979 669 1032 714 ab
1059 670 1219 715 Astaco
1243 673 1427 718 minimo
1452 674 1556 720 testa
1578 678 1727 736 molli,
1767 684 1843 740 qui

173 747 591 809 approquintantem
626 746 794 792 hostem
830 746 952 791 videt
974 778 987 799 ‚
1023 745 1368 791 ambulationem
1402 749 1624 808 instituit,
1660 768 1715 802 ex
1748 769 1841 813 quo

171 826 298 878 motu
332 820 608 864 admonitum
640 817 799 880 animal
833 816 1156 864 Conchaceum
1190 819 1340 865 testam
1375 822 1579 881 claudit,
1613 825 1665 874 &
1697 830 1842 876 hostes

168 895 340 948 evitat,
377 893 536 952 hospiti
571 893 806 955 gratissimo
841 892 1023 939 salutem
1046 893 1299 943 adscribens
1325 897 1440 942 suam
1478 899 1602 964 (³:³⁵).
1671 904 1842 954 Nonne

168 968 356 1026 maxime
400 963 645 1013 mirandum
676 999 690 1022 ‚
735 966 858 1027 quod
885 967 972 1026 J‘am
1005 981 1106 1014 ante
1142 983 1213 1014 me
1248 970 1320 1016 alii
1354 971 1660 1034 adnotarunt,
1706 996 1844 1029 vorax

167 1041 214 1086 id
246 1041 533 1100 conchylium
568 1055 732 1088 tantam
764 1040 1031 1087 animalculo
1065 1042 1170 1088 huic
1194 1042 1326 1089 fidem
1349 1046 1553 1105 praestare
1579 1064 1712 1110 atque
1735 1058 1842 1101 ami-

167 1118 313 1162 citIam
335 1150 348 1171 ,
385 1129 432 1161 ut
469 1117 698 1162 incolume
729 1119 774 1159 in
809 1129 865 1159 eo
897 1115 1094 1161 habitare
1127 1118 1293 1174 possit3
1329 1134 1379 1165 ea
1403 1134 1547 1168 tamen
1576 1125 1838 1185 prudentia,

165 1201 216 1233 ut
257 1202 350 1233 non
404 1187 480 1232 nifi
532 1188 715 1232 unicum
759 1184 1080 1232 Pinnotherem
1123 1187 1306 1248 lingulae
1353 1190 1585 1238 admittant
1629 1196 1782 1243 PInnae
1817 1216 1833 1255 ε,

164 1263 285 1311 unde
334 1261 465 1307 facile
501 1260 741 1320 ‘intellectu
787 1260 847 1306 est
872 1294 885 1315 ,
931 1260 1108 1307 illorum
1142 1263 1292 1321 pullos
1326 1278 1485 1311 recens
1521 1281 1648 1315 natos
1670 1302 1684 1320 ,
1730 1273 1834 1320 alias

162 1353 268 1386 mox
310 1338 503 1397 ejusdem
548 1340 726 1400 generis
773 1336 969 1384 conchas
997 1373 1010 1396 ,
1056 1352 1104 1385 ut
1148 1341 1194 1386 in
1227 1340 1314 1386 illis
1348 1341 1586 1403 habitent,
1634 1363 1832 1407 quaerere

164 1413 341 1459 debere.
556 1421 559 1423 ’

227 1494 506 1539 Cancrorum
543 1508 650 1540 vero
684 1496 871 1541 maxime
899 1496 1163 1543 admirabili-s
1198 1500 1306 1544 mihi
1343 1503 1519 1549 videtur
1550 1505 1711 1554 Cancer
1734 1509 1829 1556 Ru-

159 1570 292 1616 ricola
329 1567 421 1632 (y)
442 1603 456 1625 ‚
492 1572 568 1629 qui
601 1572 645 1614 in
679 1570 834 1615 Infulis
867 1570 1046 1616 Antillis
1078 1570 1122 1617 ὃς
1155 1572 1428 1622 Bahamaicis
1457 1592 1574 1625 tanta
1596 1583 1832 1631 inveniun-

162 1657 232 1688 tur
267 1645 395 1702 copia
419 1677 434 1698 2
468 1657 516 1688 ut
542 1643 807 1702 quibusdam
839 1646 884 1690 in
920 1644 1032 1689 locis
1067 1646 1225 1692 iisdem
1249 1651 1366 1707 quafi
1391 1667 1635 1714 coopertus
1660 1659 1708 1705 fit
1731 1661 1833 1707 sun-

160 1715 256 1760 dus.
325 1712 386 1757 Hi
422 1711 585 1756 Cancri
619 1712 695 1756 sub
732 1725 845 1757 terra
881 1713 1078 1760 habitant
1101 1751 1113 1772 ,
1152 1717 1410 1780 habentque
1443 1726 1488 1769 in
1513 1740 1683 1774 morem
1710 1734 1835 1776 cuni-

158 1790 362 1834 culorum
394 1801 517 1832 antra
550 1789 593 1832 in
629 1787 723 1833 solo
762 1788 878 1834 {icco
913 1790 1098 1836 arenoso
1123 1828 1136 1850 ‚
1175 1807 1414 1855 numquam
1447 1802 1591 1847 minus
1615 1806 1834 1863 quadran„

156 1865 211 1908 εἰς
232 1897 244 1917 ‚
286 1861 540 1920 aliquando
559 1863 746 1923 integr-ae
779 1864 902 1908 horae
938 1865 1076 1924 spatio
1099 1881 1134 1917 Va
1166 1868 1318 1915 littore
1342 1905 1356 1927 ‚
1394 1873 1527 1920 semel
1552 1890 1694 1925 tamen
1720 1896 1832 1940 quo-

157 1938 298 1982 tannis
327 1969 340 1990 ,
375 1948 480 1979 vere
507 1968 520 1988 ‚
557 1937 611 1980 ad
635 1951 751 1981 mare
777 1938 1028 1995 accedunt,
1065 1955 1114 1986 ut
1137 1958 1221 1989 ova
1245 1949 1430 2004 pariant.
1500 1952 1697 2014 Quando
1724 1958 1833 2005 sem-

152 2027 267 2074 per,
311 2011 420 2058 nihil
465 2012 648 2057 obvium
689 2013 877 2059 vitantes
901 2048 915 2071 ‚
958 2019 1074 2067 reeta
1107 2021 1461 2082 progrediuntur
1496 2029 1564 2072 via
1588 2066 1598 2085 ‚
1647 2028 1692 2076 ἃ
1727 2034 1839 2081 ideo,

153 2087 311 2133 dOmOS
335 2120 347 2142 2
393 2083 556 2142 templa
582 2116 595 2140 ‚
633 2099 900 2146 montesque
934 2092 1264 2142 transcendunt.
1340 2097 1488 2146 Noae
1523 2117 1650 2165 aeque
1684 2122 1734 2152 ac
1757 2110 1831 2156 die

1721 2198 1827 2244 pro·-

202 2311 290 2357 (x>
329 2309 386 2347 Id.
415 2308 517 2347 lbid.
545 2322 635 2361 pag.
666 2323 734 2362 25.
789 2316 1007 2359 Pmmvs
1036 2323 1127 2363 Lib.
1149 2326 1216 2365 IX.
1246 2326 1344 2375 Cap.
1364 2339 1430 2379 42.
1457 2339 1459 2342 ·

202 2382 326 2440 (κῆ
369 2383 778 2444 HASSELQUIST
823 2393 960 2450 Reme
985 2398 1093 2456 uatlj
1120 2400 1346 2456 &alestam
1365 2407 1389 2456 s
1419 2415 1512 2459 pag.
1539 2405 1637 2460 489.

144 2529 176 2567 T
200 2467 280 2566 ΞΥ)
317 2466 425 2507 Vide
455 2469 626 2520 effigiem
655 2470 765 2519 apud
803 2473 1043 2516 CATESBY
1077 2480 1260 2521 Natural
1281 2481 1430 2534 Htstffl‘y
1468 2486 1518 2534 0f
1541 2488 1721 2531 CWOHM
1754 2494 1814 2534 ῙῙ·

180 2540 200 2568 a
233 2557 242 2565 .
277 2540 340 2578 32.

1075 2604 1174 2665 Css
