2262 3182
385 219 447 267 26
836 214 1623 266 OPUSCULA

385 363 527 412 genus
556 344 766 394 Medusae
801 344 872 392 vel
906 346 1077 393 Urticae
1111 349 1293 396 marinae
1330 349 1466 412 (a),
1505 365 1606 410 quae
1643 351 1884 400 commode
1917 355 1961 400 in
1987 367 2077 403 tres

384 423 556 485 species
592 421 727 467 dividi
763 420 958 480 poffunt.

445 494 509 544 10.
547 498 596 543 In
635 497 834 558 Polypos
863 533 877 555 ‚
921 502 997 559 qui
1033 499 1216 546 cellulas
1248 501 1496 550 inhabitant
1518 541 1530 561 ‚
1578 502 1630 552 <Sc
1665 506 1846 563 quando
1881 507 2077 555 soboles·

375 587 519 630 cunt,
564 574 619 620 ab
658 576 782 621 omni
816 589 942 635 parte
978 576 1256 634 obducunt,
1308 568 1588 641 vestiuntque
1623 583 1822 642 plantas,
1871 585 2076 630 animalia

378 652 620 710 omniaque
658 666 757 711 quae
793 654 839 698 in
874 655 982 699 mari
1019 654 1258 702 offendunt
1292 671 1518 716 corpora:
1565 660 1611 706 hi
1651 661 1751 707 sunt
1773 695 1786 715 ‚
1832 663 1911 721 qui
1944 663 2082 708 corti·

378 740 479 772 cem
515 726 572 771 fic
609 725 780 774 dietum
814 727 1061 776 floriferum
1096 732 1535 793 Kerato-phytorum
1568 733 1662 782 διε.
1698 737 1991 785 constituunt.

394 796 410 803 “
442 802 506 849 Hi
541 803 701 864 Polypi
739 821 968 866 nunquam
1004 809 1187 857 cellulas
1223 810 1501 869 relinquunt.

442 878 512 925 20.
549 880 600 925 In
636 880 862 942 Polypos,
898 887 976 944 qui
1010 885 1281 941 sertulariaffi
1315 885 1537 945 Alcyonia
1560 886 1809 943 nonnulla,
1848 884 1893 933 &
1917 876 2084 934 Escha-

379 968 447 1002 ras
481 955 709 1006 obsident:
758 959 841 1006 hos
877 962 966 1007 vidi
1002 977 1203 1011 natantes
1229 998 1243 1021 ‚
1290 962 1682 1024 relinquentesque
1720 965 1871 1024 apices
1903 964 2081 1012 sertula.-

380 1031 487 1088 riae‚
526 1034 689 1092 quibus
723 1035 988 1085 insederant.

448 1105 517 1169 30.
556 1110 605 1157 ln
642 1126 823 1177 magnas
860 1116 1056 1176 species,
1091 1119 1247 1178 quales
1282 1118 1382 1164 sunt
1417 1117 1585 1164 Urticae
1620 1120 1829 1175 marinae,
1876 1133 1975 1178 quae
2010 1130 2083 1162 ca-

385 1196 486 1231 rent
518 1187 691 1235 cellulis
715 1225 731 1249 ,
782 1194 953 1240 cortice
977 1232 990 1253 ‚
1040 1196 1145 1242 testa
1180 1196 1251 1243 vel
1286 1195 1372 1242 basi
1408 1195 1564 1249 firma,
1599 1193 1670 1240 sed
1708 1195 1849 1241 libere
1884 1195 1929 1239 in
1965 1205 2087 1237 mare

385 1273 537 1309 natare
574 1269 938 1325 quoquoversum
974 1273 1153 1332 possunt
1177 1308 1191 1331 ‚
1239 1275 1439 1334 quamvis
1482 1273 1641 1332 saepius
1675 1271 1847 1331 postica
1881 1268 2087 1329 corporis

378 1349 505 1396 parte
538 1339 650 1389 duro
687 1343 730 1389 se
767 1350 952 1406 corpori
989 1351 1183 1413 affigant.

449 1412 612 1475 Polypi
648 1418 832 1466 cellulas
877 1423 1174 1472 inhabitantes
1221 1427 1320 1474 sunt
1364 1431 1554 1475 maxime
1599 1427 1843 1488 vulgareS,
1886 1423 2085 1468 minimae

387 1485 577 1546 speciei,
613 1492 889 1540 albescentes
923 1499 1164 1555 pellucidi:
1198 1503 1380 1547 cellulas
1416 1517 1510 1547 non
1553 1513 1721 1547 tantum
1759 1501 1804 1544 in
1840 1497 2089 1543 rotundum

386 1561 567 1626 affigunt
603 1566 812 1614 Coralliis
840 1604 854 1625 ,
901 1569 1215 1632 Lithophytis‚
1265 1575 1536 1630 Corallinis‚
1583 1573 1629 1621 &
1663 1588 1687 1619 a
1721 1575 1883 1633 quibus
1918 1571 2087 1630 absque

385 1637 474 1684 ulla
507 1638 690 1686 laefione
726 1639 1108 1703 Lithophytorum
1153 1647 1241 1691 &Q
1275 1651 1489 1703 prudenti
1534 1664 1670 1693 manu
1695 1683 1709 1704 ‚
1756 1649 1886 1693 facile
1930 1645 2087 1692 abradi

1984 1722 2088 1782 pos-

446 1829 521 1881 (τι)
550 1831 756 1870 Secundum
779 1831 962 1872 Authores
981 1863 993 1882 ,
1023 1836 1085 1887 qui
1107 1834 1151 1873 de
1173 1835 1337 1876 Piscibus
1358 1840 1393 1875 δε
1420 1834 1569 1875 Inseffis
1597 1834 1753 1873 marinis
1771 1833 2007 1888 scripserunt,
2036 1837 2088 1876 est

388 1903 502 1944 genus
535 1894 745 1931 Urticarum
775 1895 1003 1934 marinarum
1035 1896 1241 1936 admodum
1265 1898 1447 1949 amplum.
1500 1899 1738 1936 Inveniuntur
1757 1900 1807 1936 uti
1837 1899 1991 1950 Polypi,
2023 1902 2090 1952 qui

391 1951 589 1990 Corallinis
619 1951 836 2001 insidentes,
865 1956 958 1995 adeo
988 1958 1216 2008 parvisunt,
1247 1972 1284 1998 ut
1313 1971 1456 1997 tantum
1478 1958 1722 2011 mictoscopio
1751 1958 1904 1998 discerni
1930 1962 2088 2012 poffint:

389 2014 451 2052 alii
492 2015 788 2065 magnitudinem
830 2020 959 2066 patinae
981 2050 993 2066 ,
1031 2021 1094 2059 alii
1129 2023 1278 2074 integrat
1316 2024 1447 2061 mensae
1486 2035 1629 2074 aequant
1658 2023 1700 2068 †.
1758 2025 1843 2062 Iino
1872 2025 2088 2064 reverendus

390 2073 590 2126 Episcopus
620 2081 656 2113 ἃ
691 2076 936 2128 Philosophus
971 2084 1101 2123 Emen
1134 2086 1413 2126 PONToPPIDAN
1436 2084 1455 2105 *
1475 2086 1645 2134 opinatur
1668 2086 1880 2123 maximum
1901 2087 2054 2124 Animal
2075 2116 2088 2132 ‚

391 2138 491 2189 quod
516 2139 554 2175 in
583 2140 674 2176 mari
699 2140 828 2188 alitur,
861 2143 918 2191 (&
941 2157 1102 2195 quocum
1128 2148 1280 2186 Balaenae
1300 2160 1518 2198 comparatae
1540 2146 1619 2184 sunt
1639 2147 1754 2184 modo
1775 2148 1886 2185 exiles
1907 2147 2089 2198 pisciculi)

393 2200 437 2237 ab
459 2199 538 2250 ipso
557 2200 718 2239 Kraxen
732 2230 743 2247 ,
772 2203 925 2242 Kraken
947 2206 1000 2243 vel
1026 2207 1260 2248 Zee-korven
1280 2209 1514 2247 nominatum
1530 2232 1540 2250 ‚
1554 2205 1620 2244 effe
1640 2208 1796 2257 speciem
1823 2211 1954 2247 Urticae
1974 2210 2085 2245 mati-

390 2274 467 2309 nae,
496 2263 707 2315 dubita-que
733 2278 779 2303 an
803 2264 872 2304 hoc
892 2271 1031 2308 animal
1059 2285 1134 2310 non
1157 2271 1250 2311 foi-et
1270 2271 1516 2309 Leviathan:
1547 2283 1671 2307 verum
1692 2271 1840 2307 invenio
1862 2269 2085 2318 Prophetam

387 2325 548 2378 JESAJAM
580 2340 711 2365 vocare
745 2327 972 2374 Leviathan,
1012 2331 1168 2383 longum
1199 2332 1436 2371 undulantcm
1471 2330 1672 2382 serpentem
1694 2358 1706 2375 ‚
1745 2331 1943 2368 draconem
1975 2331 2088 2368 mari-

389 2400 498 2425 num.
537 2390 633 2438 Cap.
666 2390 857 2427 XXXVII.
881 2385 977 2428 'vers.
1016 2404 1048 2430 r.
1106 2394 1194 2431 Ideo
1215 2393 1290 2431 haec
1314 2393 1421 2431 verba
1441 2392 1570 2429 melius
1592 2394 1788 2431 convenire
1812 2392 1977 2430 videntur
2000 2405 2084 2430 cum

388 2448 490 2488 vasto
507 2449 665 2500 serpente
685 2453 858 2499 marino,
887 2452 1047 2492 ducenos
1067 2456 1173 2505 pedes
1194 2456 1330 2505 longo,
1360 2468 1470 2506 quem
1491 2454 1730 2494 Revereudus
1753 2456 1953 2508 Episcopus
1972 2457 2087 2494 etiam

393 2510 572 2561 descripsit
600 2517 634 2549 ὃ(
670 2514 885 2562 delineavit,
916 2519 951 2552 &
981 2516 1068 2567 qui,
1097 2530 1133 2556 ut
1159 2518 1204 2556 ab
1234 2518 1442 2556 ocularibus
1468 2515 1616 2555 testibus
1644 2515 1763 2556 habeo
1829 2517 2016 2558 interdum
2044 2518 2089 2555 in

395 2576 600 2626 Norwegia
621 2575 712 2615 visus
724 2577 790 2618 est.

444 2688 468 2736 †
498 2692 544 2730 E.
569 2693 862 2733 PONTOPPIDAN.
894 2695 988 2736 Hist.
1011 2712 1083 2738 von
1104 2701 1334 2749 Norwegeu.
1355 2698 1406 2737 11.
1427 2707 1515 2748 pag.
1536 2697 1631 2746 406.

450 2752 469 2774 Ἐ
497 2751 556 2792 ld.
585 2753 676 2793 ibid.
700 2766 787 2807 pag.
810 2768 900 2806 394.
