2262 3182
393 225 454 274 62
835 220 1624 272 OPUSCULA

392 357 585 403 alienum
616 353 671 399 ab
707 352 774 400 his
807 354 967 409 rebus,
1004 367 1169 413 corpus
1205 352 1278 398 fit:
1313 351 1364 400 &
1399 353 1503 400 ideo
1539 355 1704 403 diversa
1739 355 1872 418 plane
1906 344 2081 418 origine

393 433 440 481 &
474 434 714 488 alimento,
758 447 892 492 quam
927 433 980 477 ab
1016 432 1104 476 hoc
1139 433 1310 476 cortice
1345 432 1573 489 fruanturt,
1621 434 1773 493 quod,
1815 437 1962 495 primo
1998 433 2080 479 ho-

392 524 492 556 rum
538 509 863 558 subsecivorum
909 507 1228 571 opusculorum
1285 507 1499 557 fasciculo
1527 545 1542 568 ,
1598 511 1898 560 demonstrare
1942 526 2080 559 cona-

393 597 463 634 tus
499 585 606 633 sum.
1930 598 1933 600 ’

1035 726 1145 794 De
1193 725 1431 820 Ostreis.

448 931 594 995 Quae,
632 945 725 992 prae
751 931 939 978 alioruin
964 930 1173 979 locorum
1199 933 1391 990 incoliS,
1415 934 1633 980 naturales
1657 934 1864 994 quasdam
1890 932 2073 978 Ostreo-

383 1022 480 1056 rum
517 1009 815 1068 proprietates
851 1008 1142 1070 investigandi
1166 1042 1180 1062 ,
1227 1008 1298 1053 hic
1335 1009 1534 1057 Zirizaeae
1570 1011 1648 1073 (a)
1688 1011 1813 1055 datur
1860 1009 2034 1056 occaiio
2056 1041 2072 1064 ‚

382 1101 430 1133 ur
465 1088 647 1133 brevem
681 1085 795 1130 hane
828 1098 986 1129 eorum
1022 1083 1367 1143 descriptionem
1405 1086 1562 1131 litteris
1583 1087 1856 1145 proderem,
1893 1103 1963 1132 me
1991 1089 2074 1130 irn-

377 1163 526 1222 pulit:
575 1161 699 1220 quod
734 1160 779 1206 id
805 1195 818 1216 ,
868 1159 1025 1204 eadem
1061 1173 1255 1216 unquam
1292 1161 1464 1205 ratione
1499 1157 1666 1205 fastum
1703 1159 1788 1206 effe
1825 1162 2036 1222 ignorans
2060 1197 2074 1219 ,

381 1238 538 1284 Ostrea
574 1251 748 1295 tamen,
780 1237 877 1296 jure
912 1236 990 1282 suo
1025 1236 1216 1290 mereri,
1261 1234 1539 1294 judicabam:
1575 1236 1743 1294 quippe
1770 1251 1869 1294 quae
1906 1251 1929 1280 a
1965 1237 2076 1284 doc-

378 1316 433 1361 tis
469 1315 757 1374 delicatisque
791 1315 960 1372 ubique
994 1313 1149 1371 palatis
1185 1326 1449 1372 quaeruntur
1480 1312 1531 1359 ἃ
1566 1325 1864 1371 expetuntur,
1908 1312 1953 1358 δε
1978 1317 2077 1361 uni-

373 1403 476 1437 cum
500 1424 515 1446 ,
563 1403 612 1435 ut
647 1391 814 1449 opinor
839 1423 853 1446 ‚
899 1401 1065 1447 praeter
1101 1388 1334 1446 Mytulos,
1383 1389 1562 1434 Animal
1599 1388 1722 1444 sunt,
1762 1403 1854 1446 quo
1890 1390 1959 1435 vel
1995 1405 2071 1436 ex·

373 1466 687 1527 quifitiffimum
725 1466 944 1511 fastidium
965 1499 979 1521 ,
1033 1465 1121 1510 fine
1157 1466 1247 1512 ulla
1293 1466 1530 1511 conditura
1565 1464 1634 1510 vel
1669 1478 1883 1523 apparatu
1907 1500 1920 1520 ,
1967 1479 2071 1513 cum

373 1544 591 1590 intestinis
625 1541 674 1589 (Ἐξ
711 1542 1034 1595 excrementis,
1069 1542 1171 1585 vivo
1213 1542 1329 1586 vesci
1352 1555 1445 1586 non
1476 1551 1666 1586 veretur.

440 1620 598 1667 Ostrea
632 1634 657 1664 e
693 1619 984 1664 Concharum
1017 1618 1295 1663 Bivalvarum
1322 1632 1484 1679 genere
1510 1613 1922 1669 sunt,extrinsecus
1948 1616 2069 1675 aspe-

374 1712 449 1754 ra,
483 1698 721 1753 undulata,
743 1709 816 1741 aut
852 1694 1150 1754 squammosa,
1179 1695 1297 1739 intus
1334 1705 1548 1755 argenteo
1582 1705 1655 1737 aut
1689 1691 1874 1736 conchae
1898 1702 2071 1751 marga·

370 1777 551 1824 ritiferae
588 1775 780 1821 colore:
826 1773 1003 1819 alterius
1050 1772 1203 1816 haruin
1241 1771 1442 1816 testarum
1480 1770 1676 1813 exterior
1708 1781 1808 1823 pars
1843 1762 2029 1826 gibbosa
2051 1797 2066 1820 ‚

368 1854 554 1900 interior
590 1850 709 1911 quast
744 1864 978 1905 excavata,
1016 1849 1150 1894 altera
1185 1847 1289 1893 testa
1325 1838 1532 1903 utrinque
1565 1841 1695 1900 plana
1730 1840 1790 1886 est
1828 1839 1922 1901 (b).

430 1930 662 1977 Ln-JNAEus
701 1929 780 1989 (c)
818 1942 982 1974 novem
1016 1920 1068 1975 δὲ
1105 1927 1262 1988 viginti
1301 1923 1561 1969 Ostreorum
1596 1918 1764 1977 species
1799 1926 2059 1970 enumerat,

366 2021 560 2066 quorum
597 2004 805 2065 quaedam
841 2004 1000 2049 colore
1037 2002 1322 2062 pulchriore,
1356 1998 1561 2058 quaedam
1597 1995 1705 2038 mira
1738 1992 1925 2052 praedita
1961 1991 2061 2037 sunt

364 2081 532 2127 forma:
569 2079 673 2144 Ego
709 2093 816 2126 vero
849 2080 895 2125 in
932 2078 1011 2124 hac
1047 2078 1347 2137 descriptione
1379 2073 1484 2119 solis
1517 2068 1806 2118 Brittannicis
1841 2067 1926 2114 five
1960 2065 2056 2112 vul·

1976 2154 2056 2205 ga‘

410 2297 502 2350 (α)
530 2297 728 2349 Nusquam
756 2298 794 2335 in
827 2294 998 2334 faederata
1027 2295 1232 2346 Republica
1261 2291 1478 2333 ostreorum
1510 2287 1779 2327 commercium
1808 2296 1884 2323 tam
1911 2280 2060 2320 strean

361 2370 472 2410 quam
507 2359 666 2397 Zirizaeae
698 2369 883 2395 exercetur
907 2368 915 2390 :
959 2356 1170 2407 Quotannis
1195 2353 1294 2391 enim
1316 2353 1457 2404 aliquot
1475 2365 1671 2391 tonnatum
1705 2350 1822 2387 millia
1841 2347 1936 2398 (hoe
1957 2357 2056 2384 anuo

365 2422 482 2470 1758,
515 2430 607 2467 1759
635 2420 712 2470 plus
743 2417 804 2456 sex
832 2415 982 2462 Millia,
1012 2422 1074 2467 qui
1101 2428 1227 2453 tamen
1260 2427 1432 2452 numerus
1463 2424 1610 2463 propter
1641 2409 1786 2459 hyemis
1818 2407 2054 2445 clementiam

358 2482 440 2521 satis
472 2491 628 2529 maguus
658 2481 731 2532 est)
765 2482 804 2518 in
824 2477 1090 2531 Hollandiam,
1117 2476 1357 2516 Brabantiam
1373 2504 1384 2522 ,
1413 2475 1501 2527 quin
1523 2477 1557 2510 &
1583 2471 1785 2510 Coloniam
1808 2481 1915 2520 atque
1937 2469 2052 2507 Fran-

355 2541 541 2583 cofurtum
567 2540 703 2592 usque,
735 2544 942 2580 mittuntur.
1928 2548 1931 2552 ⁴

406 2605 496 2656 (b)
524 2606 583 2643 Ex
617 2606 791 2644 RUMPHn
822 2605 995 2642 sententia
1023 2601 1139 2641 ostrea
1167 2600 1215 2642 ad
1244 2602 1443 2643 octavum,
1471 2612 1516 2638 ex
1549 2597 1704 2637 LlNNffit
1734 2594 1778 2634 ad
1809 2592 2047 2633 uniecimum

354 2668 579 2710 concharum
602 2666 825 2704 bivalvarum
848 2676 964 2715 genus
986 2667 1179 2715 pertinent.

409 2731 494 2784 (c)
523 2728 618 2780 Syst·
640 2730 804 2768 Natum.
831 2736 918 2777 pag.
951 2728 1041 2774 696.
1072 2725 1178 2766 Edit.
1205 2723 1286 2764 dec.
