2262 3182
542 208 544 210 ·
712 162 1728 252 CONTENTA.

438 388 472 435 J.
539 388 614 434 De
648 387 831 435 Astacis.
911 396 914 399 ’
1186 395 1188 398 ’
1385 376 1388 382 “
1833 387 1947 448 Pag.

418 471 478 516 II.v
540 461 616 517 De‘
651 472 853 520 Cancris,
1072 469 1073 472 ¹

393 553 471 603 111.
540 557 615 604 De
650 558 821 618 Squilla
851 558 1017 603 marina
1048 556 1226 602 Batava.

391 642 471 689 IV.
538 643 611 690 De
646 643 812 703 Squilla
847 643 1001 689 Fusca.

412 729 469 776 V.
536 730 610 776 De
646 731 801 777 Pulice
837 730 1036 777 Marino.

388 811 466 858 VI.
532 811 605 858 De
640 813 816 858 Aculeo
861 814 906 858 in
953 811 1109 858 Cauda
1153 809 1372 870 Rama,
1415 823 1513 868 quae
1559 807 1905 855 PAsTmAcA

657 899 861 930 VOCRCUI’·

375 967 476 1014 VII.
544 965 802 1029 Explicatio
841 964 1126 1013 Tabularum.

569 1237 1835 1376 CORRIGENDA

425 1482 531 1540 Pag.
587 1494 615 1535 4
673 1480 774 1523 Lin.
834 1491 850 1520 1
903 1487 979 1534 pro
1036 1490 1192 1545 quaae:
1380 1476 1492 1533 Lege
1532 1488 1625 1531 quae

572 1547 655 1587 6
649 1567 752 1577 -—
798 1555 847 1594 14
886 1564 989 1574 -—--
1030 1541 1164 1583 altera
1379 1563 1483 1578 e—--
1526 1540 1634 1581 alter

586 1622 611 1662 7
650 1632 754 1641 ———
799 1620 841 1648 11
885 1629 990 1638 —--
1029 1604 1160 1648 nostri
1376 1625 1480 1636 -—-
1517 1603 1640 1646 rostri

553 1709 560 1715 ,
613 1685 759 1714 ¹¹.·-----
784 1681 871 1712 20
882 1693 992 1707 --.-
1029 1667 1237 1712 offerunt
1375 1688 1482 1700 ——--
1521 1665 1710 1710 offerant

564 1749 615 1780 10
651 1758 755 1767 -··
801 1747 847 1790 ¹3
889 1757 992 1766 --
1031 1742 1074 1774 at
1380 1752 1485 1763 —-—-
1527 1730 1579 1772 ad

647 1824 753 1835 -ω-
797 1810 844 1852 17
885 1821 988 1830 ——--
1029 1795 1226 1850 carpibus
1375 1817 1480 1828 -——-
1520 1795 1658 1848 carpis

882 1886 986 1897 —---
1028 1862 1230 1906 scandent
1374 1885 1479 1894 -——
1516 1861 1719 1903 scandunt

564 1942 608 1972 ιι
655 1953 758 1963 --
799 1941 849 1984 23
889 1951 992 1960 -—-
1031 1926 1331 1971 Custodientes
1369 1948 1472 1957 -———-
1514 1925 1812 1976 Custodiendis

640 1996 779 2038 innot.
821 2007 847 2045 4
886 2012 986 2022 -—--
1031 1989 1265 2044 Cylindrici
1366 2011 1470 2020 —--
1515 1987 1784 2041 Cylindricos

567 2072 616 2101 12
655 2060 758 2103 Lin.
800 2070 851 2100 10
890 2079 996 2088 ·---·
1034 2054 1228 2109 decrepit
1372 2075 1476 2085 ——-
1516 2053 1683 2106 derepit

654 2144 759 2156 —--
798 2134 851 2176 24
889 2143 995 2156 -—-
1034 2120 1204 2162 unicam
1376 2137 1480 2148 --
1517 2115 1689 2158 unciam

568 2203 616 2245 23
654 2210 758 2221 --
803 2200 850 2228 12.
888 2209 995 2235 -μ
1034 2184 1118 2227 levi
1370 2202 1474 2215 ·---
1512 2181 1607 2223 laevi

566 2264 619 2307 32
659 2274 763 2284 --
799 2263 855 2305 30
892 2271 995 2283 ——-
1034 2246 1200 2303 Unguis
1371 2263 1476 2278 ---
1514 2243 1677 2291 Uncus.

2020 397 2046 445 5

1989 482 2044 525 19

1988 564 2048 613 27

1985 652 2045 698 30

1987 733 2041 765 91

1984 897 2009 942 3
2019 896 2045 944 3

1984 979 2044 1025 39

435 2372 561 2416 Plura
589 2370 764 2416 minoris
793 2368 1029 2422 momenti,
1057 2364 1223 2423 quaeso,
1255 2374 1303 2409 ut
1331 2361 1416 2421 ipse
1447 2362 1604 2407 Lector
1631 2360 1843 2416 corrigere
1869 2362 1984 2404 velit.
