2262 3182
546 178 1428 233 SUBSECIVA.
1774 194 1838 246 79

144 301 278 362 eriam
314 312 473 361 liberas
509 309 557 359 &
592 310 894 369 flustuantes,
929 311 1043 359 nulli
1081 314 1268 373 corpori
1302 314 1500 375 adfixas,
1536 310 1699 375 cepiffe
1721 313 1845 362 ‘affir-

146 393 306 439 mahat.

213 470 409 516 Tantum
453 485 602 519 autem
649 471 768 518 abest
792 505 806 528 ,
868 483 918 517 ut
952 468 1043 517 hoc
1078 467 1241 515 animal
1279 466 1510 514 Corallina
1542 470 1592 517 fit
1613 506 1627 528 ,
1681 483 1756 518 aut
1790 467 1846 515 ad

146 546 424 608 Polyporum
459 563 600 612 genus
636 549 891 608 pertineat,
930 559 983 593 ut
1015 544 1123 592 mihi
1159 559 1263 592 cum
1309 544 1509 606 Serpulis
1545 561 1651 592 mox
1682 547 1846 594 descri-

145 624 307 670 bendis
342 627 494 685 potius
531 639 782 689 congruere
818 623 1056 670 videatur:
1095 622 1155 669 ob
1199 621 1370 683 pedum
1401 635 1556 670 verum
1590 622 1646 668 ad
1677 636 1844 672 utrum.-

146 714 233 761 que
268 702 381 750 latus
418 704 625 763 copiam,
662 701 1018 762 Scolopendram
1056 701 1172 748 dixi..

371 882 480 951 De
524 880 803 973 Serpulis
819 936 838 970 ‚
869 885 1003 974 five
1053 883 1136 952 V
1122 881 1398 951 ermibus
1441 878 1622 951 tubos-

599 994 924 1089 Lapidem
973 996 1406 1068 incolentibusi

207 1189 259 1236 ln
294 1189 422 1235 variis
464 1204 489 1235 e
526 1192 635 1237 mari
672 1195 813 1254 captis
856 1193 1081 1254 lapidibus
1112 1228 1129 1253 ‚
1178 1191 1415 1253 conchis}
1455 1187 1575 1236 testis
1620 1184 1709 1234 δῖε.
1756 1186 1846 1236 albi

141 1267 320 1328 quidam
355 1265 541 1326 lapidofi
576 1270 862 1317 inveniuntur
899 1271 1074 1327 tubuli,
1111 1269 1485 1317 animalculorum
1517 1266 1753 1314 domicilio
1776 1269 1845 1315 in-

140 1343 393 1389 servientes.
440 1341 501 1389 Hi
538 1344 709 1392 Tubuli
745 1349 790 1394 in
830 1348 1100 1408 quibusdam
1134 1347 1369 1407 speciebus
1403 1343 1589 1393 rotundi
1614 1342 1741 1405 sunt,
1780 1345 1847 1391 in·

142 1419 231 1467 star·
258 1420 382 1480 spirae
419 1419 601 1479 inflexi,
640 1424 824 1480 quando
860 1439 884 1470 a
916 1423 1176 1472 LmNAEo
1211 1436 1431 1472 vocantur

259 1497 453 1557 ·‘Serpzda
478 1497 692 1561 spirorbis
717 1534 731 1556 ‚
765 1498 862 1560 five
900 1499 1010 1562 testa
1044 1499 1249 1561 regulari
1273 1499 1441 1562 spirali
1465 1535 1478 1556 ,
1525 1496 1768 1544 orbiculata
1794 1530 1809 1553 ‚

334 1570 608 1632 anfrafflhus
640 1573 781 1634 supra
826 1575 1057 1638 introrsum
1084 1609 1098 1631 ,
1133 1574 1528 1639 subcanaliculatis
1553 1607 1568 1631 ,
1608 1571 1854 1637 sensimque

316 1648 583 1698 minoribus.
619 1647 715 1691 No.
753 1650 861 1707 693.
899 1651 986 1709 (α)

198 1724 254 1770 ln
286 1724 381 1769 aliis
418 1723 588 1768 Tubuli
624 1724 743 1781 quasi
776 1725 982 1782 triquetri
1019 1724 1118 1771 sunt
1147 1761 1160 1783 ,
1212 1723 1284 1771 vel
1319 1723 1472 1783 recti,
1511 1722 1583 1770 vel
1617 1723 1718 1770 casu
1751 1734 1846 1770 tan-

139 1803 235 1838 sum
271 1786 455 1843 inflexi⁷
490 1800 802 1847 vocanturque

271 1862 453 1923 Serpula
502 1863 759 1924 triquetra,
804 1858 900 1922 five
953 1861 1063 1926 testa
1119 1871 1293 1925 repente
1329 1822 1567 1927 flexuosa}
1622 1864 1852 1926 triquetra.

341 1937 437 1984 No.
476 1937 589 1996 694.

206 2017 343 2064 Primi
380 2017 557 2079 generis
593 2014 815 2061 Animalia
851 2025 987 2074 caput
1022 2024 1186 2075 gerunt
1220 2012 1521 2069 coccineum,
1556 2011 1642 2058 fi've
1680 2011 1853 2059 sandra-

141 2094 320 2142 chatum
359 2092 478 2153 quasi
515 2094 724 2150 utrinque
761 2090 930 2151 plumis
963 2089 1049 2136 five
1085 2091 1250 2149 pennis
1283 2089 1456 2137 duabus
1493 2102 1737 2147 ornatum,
1783 2090 1853 2135 in·

141 2182 211 2216 ter
248 2183 356 2228 quas
388 2167 444 2213 ad
478 2169 609 2214 unius
648 2168 899 2215 duorumve
936 2166 1157 2213 linearum
1196 2167 1412 2227 spatiffum
1446 2168 1567 2214 aliud
1605 2167 1849 2215 eXtendere
1863 2156 2039 2249 gamm*

140 2246 324 2307 possunt
358 2245 643 2300 memb1·‚um
677 2246 802 2304 quod
839 2245 1031 2292 caliculo
1069 2245 1236 2304 simile,
1271 2243 1322 2292 &
1355 2245 1401 2290 in
1436 2242 1667 2303 superlore
1689 2243 1852 2306 margi-
1890 2221 1916 2263 g
1951 2221 1988 2260 3'

142 2340 199 2372 ne
235 2322 475 2371 denticulis
511 2321 774 2368 instruffmm
810 2324 885 2370 est.
956 2322 1169 2379 Collum,
1217 2336 1342 2383 pone
1376 2334 1540 2383 caput⁷
1578 2319 1667 2366 albi
1704 2320 1749 2365 in
1784 2319 1849 2364 ci-

136 2414 322 2447 nereum
358 2399 562 2445 abeuntis
610 2398 778 2444 coloris
815 2400 880 2448 est
903 2436 918 2458 ‚
965 2400 1190 2462 reliquum
1228 2414 1397 2462 corpus
1433 2399 1621 2446 aurantii
1647 2433 1662 2458 ,
1710 2394 1762 2445 δε
1796 2410 1848 2444 ue

136 2478 314 2536 trinque
349 2475 513 2522 decem,
541 2475 677 2522 habet
707 2476 862 2537 pedes.

354 2607 359 2610 ,
1725 2548 1834 2598 Ani·

190 2658 286 2715 (a)
316 2658 483 2713 Systema
501 2662 662 2719 Natum.>
682 2660 788 2704 Edit.
816 2661 872 2702 X.
899 2671 986 2716 pag.
1006 2662 1096 2713 786.
1117 2665 1154 2701 δε
1173 2660 1269 2713 787..
