2262 3182
589 170 1480 226 sunsncrvA.
1819 194 1880 246 73

211 346 215 350 Α
248 303 373 352 Idem
411 305 543 350 etiam
578 304 894 353 calcinatarum
942 305 1145 352 testarum
1181 307 1325 366 pulvis
1371 311 1581 356 eximium
1627 309 1688 356 est
1735 311 1881 359 denti·

183 382 357 427 fricium
381 414 397 436 ,
440 381 566 440 quod
612 382 832 444 Myrrhd,
889 380 1029 429 Terrd
1065 379 1288 443 Japonicd
1313 417 1327 439 ‚
1361 385 1580 445 Sanguine
1617 386 1839 436 Draconis
1864 423 1880 446 ‚

186 458 496 514 cinnamomo,
540 457 591 506 <Sc
625 459 800 519 aliquot
834 461 1012 507 Ambrce
1060 458 1222 521 Griseae
1268 461 1416 523 granis
1442 494 1458 519 ‚
1510 463 1784 520 praestantius
1827 465 1880 516 Sc

181 531 402 596 gratiffimi
439 533 593 580 odoris
629 535 743 581 effici
779 534 940 595 potest.

247 610 411 656 Ulcera
446 613 579 657 etiam
615 609 860 659 diffluentia
894 611 1056 668 siccat,
1090 612 1320 671 praecipue
1344 613 1389 658 in
1415 613 1647 669 cruribus,
1681 631 1753 664 aut
1776 634 1878 681 quae

180 686 393 733 scorbuto
429 691 651 751 originem
687 689 867 736 debent.

244 763 589 811 1³raestantiffima
633 779 742 811 vero
799 763 846 810 &
895 763 1213 810 inaestimabilis
1257 764 1413 813 harum
1464 766 1670 814 testarum
1717 769 1796 815 Vis
1832 776 1875 819 in

178 840 458 888 dissolvendo
493 840 668 904 calculo
706 841 893 896 exsistit,
928 855 1031 887 cum
1066 842 1219 902 paratz}
1254 843 1420 890 exiliis
1445 844 1595 905 calce,
1632 846 1875 894 secundum

175 916 332 964 Artem
353 953 367 973 ‚
403 917 644 964 conficitur
678 916 729 966 &
762 918 933 964 bibitur
967 920 1099 978 Aqua
1132 919 1267 965 calcis
1306 921 1401 984 (h).

243 995 339 1054 Ipsa
373 995 505 1040 etiam
541 993 701 1039 Ostrea
735 995 860 1048 viva,
896 996 1093 1053 propriis
1130 994 1342 1039 medendi
1379 997 1545 1042 viribus
1580 997 1680 1045 sum
1717 999 1878 1059 praedi-

173 1087 238 1119 ta:
273 1072 452 1119 Eximie
486 1073 719 1127 nutriunt,
755 1073 1048 1130 quietemque
1083 1072 1356 1129 conciliant,
1394 1066 1531 1120 nocte
1563 1075 1662 1122 sane
1691 1076 1876 1125 Ostreo-

170 1165 268 1196 rum
301 1150 422 1196 esum
456 1149 717 1208 insequente
751 1146 926 1207 placide
973 1147 1190 1194 dormire*
1216 1149 1487 1209 plerumque
1536 1151 1764 1200 solemus:
1810 1155 1873 1202 Et

170 1230 248 1286 qui
284 1227 511 1273 stomacho
547 1226 723 1282 debili,
766 1225 983 1286 pituitoso
1009 1260 1024 1282 ,
1071 1239 1147 1272 aut
1182 1230 1364 1273 materizi
1412 1229 1569 1275 biliosa
1605 1231 1770 1278 referto
1807 1234 1871 1280 la-

168 1305 331 1349 borant
357 1339 372 1361 ,
420 1317 550 1349 mane
579 1302 755 1364 jejuni,
802 1316 877 1349 aut
912 1305 1002 1351 unzi
1037 1318 1139 1351 ante
1174 1306 1412 1365 prandium
1450 1306 1562 1355 horti
1587 1341 1601 1363 ‚
1647 1307 1756 1355 octo
1793 1310 1870 1357 de-

168 1395 267 1426 cem
303 1395 377 1426 aut
415 1381 657 1427 duodecim
690 1381 838 1428 crudis
875 1383 1043 1428 Ostreis
1076 1418 1090 1439 ,
1139 1398 1243 1429 cum
1279 1386 1438 1448 exigua
1474 1387 1610 1444 panis'
1636 1385 1754 1432 affati
1790 1402 1869 1434 co·

165 1458 265 1514 pia,
297 1457 554 1515 vescentes,
586 1462 726 1522 magis
763 1461 805 1506 se
835 1460 977 1521 juvari
1012 1461 1325 1520 experientur,
1363 1475 1496 1520 quam
1533 1461 1628 1505 aliis
1665 1463 1707 1507 in
1735 1463 1866 1521 phar-

164 1545 394 1592 macopoea
428 1536 681 1593 praeparatis
715 1535 1088 1581 medicamentis:
1137 1548 1273 1594 quem
1310 1536 1356 1579 in
1389 1534 1525 1581 finem
1562 1535 1762 1595 Parifiis,
1812 1539 1865 1588 ὃς

164 1609 209 1653 in
245 1611 509 1667 quibusdam
546 1613 777 1656 maritimis
812 1611 975 1658 Galliae
1012 1611 1226 1666 urbibus,
1273 1609 1435 1669 cruda,
1471 1623 1575 1657 ante
1609 1613 1859 1663 meridiano

163 1697 368 1743 tempore
403 1686 687 1732 venditantur
722 1686 894 1732 Ostrea.

224 1759 382 1806 Ostrea
415 1759 528 1804 Viva
552 1793 566 1812 ,
614 1761 731 1803 testis
766 1771 974 1817 exempta
996 1795 1008 1816 ‚
1057 1758 1108 1806 δε
1141 1760 1419 1807 carbunculo
1453 1761 1733 1822 pestilentiafi
1767 1769 1853 1814 im-

153 1833 326 1895 pofita,
363 1832 605 1878 LEMERYO
644 1831 739 1893 (ι’)
779 1828 824 1876 &
859 1830 1032 1878 DALEO
1069 1831 1163 1897 (k)
1202 1835 1410 1893 testibus,
1444 1853 1669 1887 venenum
1707 1858 1851 1893 extra-

153 1909 300 1957 hunt:
346 1922 540 1969 quorum
585 1908 805 1968 posterior
839 1910 978 1956 varias
1022 1923 1240 1969 praeterea
1275 1912 1482 1961 salutares
1526 1915 1577 1966 <St
1613 1919 1807 1970 medicas
1829 1956 1847 1983 ,

152 1988 321 2035 OstreiS
359 1985 404 2033 &
437 1987 663 2034 calcinatis
697 1987 953 2034 Ostrearum
987 1987 1104 2034 testis
1116 2023 1134 2049 ,
1171 1990 1327 2037 tribuit
1360 1993 1490 2039 vires.

198 2130 271 2180 (hx
300 2130 624 2183 Verbandelingen
645 2131 709 2171 det
728 2130 926 2172 Hollandse
948 2130 1230 2188 Maatschappy.
1264 2136 1312 2177 Τ.
1344 2137 1397 2178 ΙΙ.
1419 2147 1508 2189 pag.
1529 2139 1594 2188 36.

197 2193 280 2245 (ι’)
309 2193 539 2233 Diffionaire
565 2194 626 2232 des
651 2196 838 2245 Drogues.
862 2205 949 2246 pag.
972 2205 1060 2243 393.

197 2253 267 2306 (k)
299 2253 625 2304 Pharmacologia.
646 2256 750 2297 Edit.
773 2257 810 2296 in
831 2261 896 2308 40.
917 2268 1004 2311 pag.
1024 2260 1116 2309 365¹.
