2262 3182
389 213 499 272 ω,
836 188 1619 242 OPUSCULA

452 331 619 379 Plantae
651 327 829 374 marinae
863 323 1089 383 pertinent
1122 323 1177 370 ad
1207 322 1381 371 classem
1404 326 1833 389 cryptogamiarum,
1867 325 1957 371 hoc
1980 325 2068 380 est,

384 421 487 468 quae
521 405 681 452 florem
715 401 760 444 in
805 395 953 444 fructu
997 410 1072 443 aut
1118 397 1238 443 foliis
1275 401 1569 449 concludunt.
1633 403 1736 451 Hoc
1772 407 1818 451 in
1860 405 2070 450 omnibus

386 483 590 532 obtinet,
626 474 700 521 sed
731 489 958 535 nunquam
993 474 1261 521 manifesti-us
1295 491 1511 538 apparet,
1547 495 1679 540 quam
1706 484 1750 528 in
1775 481 1903 544 alga,
1937 495 2070 540 quer·
2136 480 2141 483 ’

391 572 447 603 cu
482 554 648 600 marIna
671 586 684 609 ‚
740 551 918 612 ejusque
955 552 1085 598 variis
1121 550 1322 610 specibus
1359 555 1496 617 (w).
1567 557 1624 601 lis
1659 556 1963 602 adhaerescunt
1999 552 2068 600 vel

379 634 499 680 foliis
534 631 751 687 insident,
785 629 985 688 fruetus,
1022 629 1097 675 sed
1129 630 1272 676 forma
1307 633 1597 680 rotundarum
1633 634 1701 681 vel
1738 648 1967 682 ovatarum
1993 645 2069 679 ve·

375 711 636 768 ficularum‚
672 712 715 755 in
753 709 916 769 quibus
952 709 1051 755 sunt
1083 724 1248 769 parva,
1283 710 1475 755 rotunda
1509 711 1641 770 plana
1678 712 1890 759 seminula
1931 711 2066 774 (κγ

374 803 477 849 quae
513 787 702 832 maxime
738 783 1111 844 amplificantibus
1145 782 1337 844 spectata
1383 786 1690 846 microscopiis
1715 821 1728 842 ‚
1775 788 1838 833 nil
1872 788 1953 834 nifi
1986 788 2068 832 hu·

380 879 554 913 morem
589 865 821 910 continere
855 862 1093 917 videntum
1128 862 1202 906 hic
1236 874 1434 906 matu-rus
1468 861 1630 921 effluit,
1663 876 1807 920 eaque
1837 861 1906 907 est‘
1932 876 2067 920 pecu-

377 943 474 990 liari
508 942 814 1003 proprietate,
859 951 909 985 ut
943 952 1046 984 cum
1081 951 1194 995 aqua
1228 938 1397 981 marina
1433 951 1525 983 non
1560 936 1820 993 misceatur,
1867 936 1939 981 sed
1976 938 2068 982 cui-

379 1032 557 1077 cunque
593 1018 776 1077 corpori
813 1017 950 1062 obvio
985 1013 1252 1060 adhaerescat
1275 1047 1289 1068 ‚
1338 1011 1492 1072 postea
1529 1012 1774 1072 explicatur
1800 1046 1814 1068 ‚
1856 1009 1907 1058 ἃ
1943 1010 2072 1056 insta-r

379 1096 571 1141 aliorum
608 1095 823 1141 seminum
856 1095 902 1139 in
934 1091 1129 1151 plantam
1163 1089 1397 1136 adolescat.

445 1171 644 1233 Quando
692 1173 838 1232 aliqua
881 1170 942 1217 usl
987 1169 1218 1232 diligentia
1264 1165 1309 1214 &
1355 1168 1605 1213 attentIOne
1651 1165 1830 1212 crebras
1875 1164 2072 1223 capimus

378 1249 711 1298 observationes
739 1284 753 1304 ‚
814 1246 944 1294 facile
983 1260 1048 1302 ,ex
1094 1245 1233 1292 modo
1278 1244 1505 1290 crescendi
1551 1243 1783 1303 spectato,
1829 1243 2073 1287 convince-

380 1339 506 1378 mur,
543 1323 689 1369 semen
725 1320 974 1381 plan-tarum
1010 1321 1276 1365 marinarum
1309 1318 1380 1365 vel
1415 1319 1498 1365 esse
1534 1319 1769 1366 humorem
1798 1333 1998 1366 tenacem
2021 1315 2073 1364 &

386 1399 688 1464 glutinosum,
727 1396 797 1443 vel
833 1395 983 1441 saltem
1018 1396 1063 1440 in
1096 1395 1284 1441 humore
1319 1394 1544 1458 glutinoso
1579 1395 1850 1442 delitescere.

469 1474 888 1524 REAUMURIUS
956 1472 1002 1515 in
1073 1470 1368 1529 descriptione
1435 1470 1607 1515 seminis
1672 1471 1781 1534 algae
1828 1470 2026 1532 prodidit
2060 1504 2074 1525 ‚

382 1550 567 1610 quando
613 1549 700 1596 111ae
733 1547 897 1608 plantae
932 1559 990 1592 ex
1025 1546 1132 1590 mari
1168 1546 1418 1591 eximuntur
1454 1543 1500 1591 δε
1539 1546 1781 1605 siccantur,
1830 1562 1885 1592 ex
1921 1543 2076 1591 osculo

379 1626 568 1686 cujusvis
611 1626 812 1673 veficulae
848 1623 1053 1669 excidere
1097 1636 1266 1685 guttam
1301 1622 1400 1668 flavi
1432 1621 1631 1668 humoris
1656 1657 1670 1678 ‚
1713 1625 1769 1669 ad
1813 1624 2076 1669 rubedinem

383 1707 636 1766 vergentis,
693 1705 988 1762 opinaturque
1034 1699 1271 1741 humorem
1304 1695 1425 1739 hunc
1471 1692 1686 1739 seminum
1721 1698 2073 1749 imminutor-um,

385 1780 679 1828 confistentiae
704 1781 953 1839 expertium
969 1810 982 1832 ‚
1019 1773 1279 1832 congeriem
1305 1771 1403 1815 ess'e.
1470 1770 1778 1815 Exficcatione
1805 1770 1925 1817 fibrae
1947 1771 2072 1831 plan-

385 1876 527 1909 tarum
550 1861 778 1905 breviores
801 1857 943 1913 fiunt,
983 1849 1247 1905 densantur,
1283 1845 1513 1892 vesiculam
1540 1849 1867 1907 comprimunt,
1907 1863 1962 1895 ex
1985 1864 2071 1909 qua

386 1947 479 1985 tum
502 1937 664 1983 humor
695 1934 764 1981 vel
789 1934 935 1980 semen
969 1927 1226 1990 expellitur:
1263 1923 1532 1972 Verofimile
1557 1938 1666 1986 ergo
1692 1925 1751 1970 est
1778 1925 1950 1984 plantas
1982 1942 2073 1972 ma-

384 2017 500 2060 rinas
535 2012 659 2058 simili
695 2014 737 2058 vi
773 2009 1031 2056 mechanica
1065 2015 1283 2049 maturum
1306 1999 1452 2046 semen
1478 2015 1530 2046 ex
1556 2000 1770 2047 Veficulis
1796 2005 2073 2061 exprimere,

387 2091 508 2151 quod
543 2093 586 2135 i'n
619 2089 851 2149 lapillum,
886 2085 1059 2132 aliudve
1092 2082 1251 2127 durum
1290 2092 1454 2137 corpus
1485 2076 1712 2137 illapsum,
1750 2078 1891 2124 valide
1927 2082 1966 2125 ei
1996 2080 2070 2125 ad-

385 2165 614 2221 haerescit,
648 2167 793 2224 primo
826 2166 871 2209 in
894 2160 1147 2209 trunculum
1164 2192 1176 2211 ,
1213 2156 1375 2201 deinde
1398 2157 1441 2200 in
1471 2169 1616 2199 ramos
1641 2152 1686 2199 &
1711 2153 1816 2199 folia
1843 2155 2070 2201 adolescit,

449 2243 536 2289 Sed
566 2243 794 2302 quaefitum
827 2240 985 2295 velim,
1021 2252 1074 2282 an
1109 2233 1288 2294 quidem
1312 2230 1510 2277 absolute
1534 2230 1706 2275 necesse
1729 2230 1804 2286 fit,
1841 2246 1889 2277 ut
1910 2232 2071 2277 semina

382 2321 465 2366 fint
499 2321 637 2366 firmae
670 2320 884 2377 ficcaeque
920 2313 1237 2365 coiifistentiae3
1273 2323 1447 2358 annon
1473 2309 1535 2352 vis
1571 2307 1778 2366 frugifera
1808 2305 1983 2352 humori
2008 2309 2073 2353 in·

381 2396 467 2443 esse
498 2396 670 2457 pofl'et,
705 2396 843 2442 veluti
879 2395 925 2440 in
953 2392 1117 2437 semine
1153 2385 1440 2433 animalium?
1475 2385 1546 2429 An
1572 2397 1663 2428 non
1689 2382 1852 2427 semina
1875 2382 1959 2428 five
1984 2386 2070 2430 ori-

1940 2473 2071 2521 gines

439 2570 544 2623 (w)
573 2571 805 2610 Potiffimum
839 2571 909 2611 hoc
937 2568 1059 2608 mense
1087 2567 1185 2622 Julio
1213 2569 1249 2602 &
1279 2560 1446 2615 Augusto
1473 2557 1655 2602 observati
1686 2554 1751 2597 est.
1803 2554 1898 2597 Vide
1923 2552 2080 2596 Tabulae«

386 2635 516 2678 nostrae
537 2638 687 2686 primae,
709 2634 775 2686 fig.
802 2648 841 2684 4.
865 2640 900 2673 ὁ(
921 2633 1099 2673 confervae
1127 2630 1192 2683 fig.
1215 2640 1252 2676 3.

440 2698 535 2752 (a)
563 2698 769 2739 Memoites
788 2695 834 2735 de
853 2694 1060 2737 l'Academ.
1083 2702 1197 2741 1711.
1215 2697 1302 2741 pag.
1325 2698 1417 2738 3922.
