2262 3182
423 193 511 304 {38
645 220 1895 282 OPUSCULASUBSECIVA.

497 367 549 415 In
592 362 921 411 commentariis
963 357 1217 405 Academiae
1250 355 1541 403 Scientiarum
1573 351 1808 401 Borufficae
1843 351 1957 399 Clar.
1999 349 2094 401 Ευ-

431 457 576 495 maus
610 440 743 487 refert
776 450 957 485 canem,
995 434 1289 493 superbientis
1310 429 1531 494 gallopavi
1566 427 1675 472 sono
1710 428 1984 487 perterritam
2015 424 2097 473 foe·
2166 467 2171 471 ,

435 533 528 567 tum
581 514 713 563 edisse
736 548 752 569 ‚
796 514 942 573 capite
986 510 1223 557 habentem
1266 506 1489 570 gallopavi
1520 503 1690 551 cristam
1731 504 1934 557 rubram,
1958 500 2103 561 palea·

436 609 485 642 re
517 592 610 641 &a
643 591 770 652 (v).

502 668 697 715 Gravida
734 664 934 724 quaedam
969 675 1102 709 vacca
1136 662 1180 707 in
1213 658 1357 706 Insula
1381 657 1443 704 St.
1466 656 1731 719 Domingo‚
1769 670 1793 700 e
1816 654 1998 701 flumine
2020 668 2104 715 po-

435 758 609 801 tatura,
646 740 879 788 crocodilo
913 738 1005 785 viso
1040 736 1255 791 attonita,
1289 745 1493 791 tempore
1526 729 1758 790 interjeeto
1793 730 1977 777 vitulum
2010 733 2109 777 eni-·

438 830 494 864 xa
528 819 590 864 est
611 851 625 873 ‚
667 816 793 875 cujus
827 815 942 861 cutis
976 826 1070 858 non
1104 809 1249 866 villis,
1292 807 1367 855 sed
1398 805 1618 852 crocodili
1652 817 1777 849 more
1812 806 1980 864 clypeis
2014 817 2106 851 erat

437 891 551 936 testa
588 890 726 951 (w).

503 963 636 1010 Plura
680 960 897 1022 ejusmodi
934 956 1138 1017 exempla
1168 953 1288 1016 apud
1320 954 1435 1001 alios
1465 953 1613 1015 paffim
1647 953 1778 999 obvia
1831 953 2066 1013 scriptores
2091 988 2110 1013 ‚

441 1035 581 1084 sciens
614 1048 864 1096 praetereo:
897 1035 943 1079 in
978 1033 1176 1079 Piscibus
1209 1046 1316 1080 vero
1352 1044 1564 1077 terrorem
1589 1030 1688 1076 talia
1713 1030 1964 1089 produxisse
1985 1046 2113 1078 mon·

443 1115 526 1162 stra
560 1127 633 1159 me
665 1112 814 1175 fugit:
862 1108 936 1154 sed
970 1109 1250 1155 abundantiae
1283 1109 1474 1167 partium
1506 1106 1708 1166 exempla
1741 1106 1985 1165 supersunt.

506 1184 678 1234 Cunfti
731 1183 981 1243 piscatoriae
1037 1182 1266 1242 cujusdam
1308 1183 1430 1228 navis
1474 1181 1582 1227 socii
1635 1181 1677 1227 se
1713 1181 1923 1240 Squalum
1959 1184 2115 1243 bicipi«

445 1276 536 1310 tem
570 1257 745 1314 vidisse,
783 1256 891 1301 mihi
928 1267 1234 1302 narraverunt:
1270 1251 1322 1302 <Sc
1353 1254 1594 1313 aliquando
1630 1255 1787 1301 Gados
1810 1257 2117 1317 capiunt,qui

445 1328 840 1390 Hermaphroditi,
877 1323 924 1370 id
958 1324 1051 1383 est,
1084 1325 1270 1372 lastibus
1303 1326 1355 1374 ἃ
1390 1329 1488 1374 ovis
1521 1328 1644 1374 fimul
1669 1328 1865 1376 instrufti
1890 1335 2118 1391 reperiun-

447 1421 546 1463 turt,
580 1405 625 1450 in
660 1402 729 1448 his
762 1398 979 1455 laffibus,
1012 1401 1058 1446 in
1091 1400 1178 1447 illis
1213 1403 1306 1448 ovis
1340 1405 1472 1463 copia
1507 1405 1812 1466 superantibus
1843 1422 1856 1452 ε
1901 1406 2121 1454 Posterio-

449 1483 509 1529 ris
545 1477 719 1541 generis
753 1472 933 1532 quidam
967 1472 1104 1519 Anno
1152 1491 1289 1537 1759.
1333 1482 1441 1527 mihi
1475 1482 1649 1529 oblatus
1683 1483 1746 1529 est
1768 1517 1782 1539 ‚
1826 1484 1948 1544 cujus
1979 1484 2119 1533 lastes

448 1567 622 1613 parvae,
659 1551 732 1596 sed
765 1563 849 1596 ova
881 1549 1092 1608 perfe&ae
1125 1556 1443 1616 magnitudinis
1473 1571 1621 1605 erant:
1655 1565 1756 1617 quae
1777 1570 1827 1603 ut
1848 1556 2116 1605 luculentius

448 1638 654 1689 pateant,
687 1625 795 1685 justa
827 1637 877 1669 ea
911 1626 1216 1686 magnitudine
1250 1629 1512 1676 delineanda
1548 1634 1709 1679 curavi.
1745 1632 1860 1677 TAB.
1904 1631 2038 1681 XVI.

514 1700 928 1748 LEEUWENHOEKH
974 1699 1117 1760 (x),
1148 1695 1226 1747 'cui
1260 1701 1379 1750 idem
1411 1704 1643 1761 observare
1676 1707 1868 1769 contigit
1902 1696 1929 1766 ,⁷
1957 1707 2115 1757 Gados

454 1778 562 1826 tales
595 1777 737 1823 altero
771 1790 889 1822 anno
923 1772 1062 1821 lafites
1105 1776 1248 1824 altero
1292 1793 1376 1825 ova
1420 1781 1581 1839 ejicere
1603 1817 1618 1837 ‚
1650 1784 1878 1830 ‘sententia
1909 1783 2000 1844 est,
2045 1784 2120 1834 sed

453 1868 690 1914 utrumque
724 1853 885 1900 eodem
920 1864 1122 1913 tempore
1154 1853 1356 1915 praestare
1388 1868 1482 1900 non
1517 1854 1654 1914 poffe.

504 1984 593 2031 (v)
620 1980 844 2022 Memoires
866 1980 917 2020 de
937 1980 1099 2022 1⁹Acad.
1118 1981 1168 2021 de
1187 1980 1323 2022 Berlin
1343 1990 1444 2021 tom.
1465 1980 1554 2021 XII.
1581 1984 1697 2033 1756.
1722 1996 1812 2036 pag.
1840 1997 1854 2025 1
1869 1997 1900 2026 r.

460 2049 465 2054 ·
513 2043 617 2089 (ω)
644 2039 869 2079 Memoires
889 2041 940 2078 de
960 2042 1122 2080 l’Acad.
1143 2043 1211 2080 des
1231 2038 1439 2081 Sciences.
1460 2041 1583 2082 Paris.
1612 2053 1726 2097 1722.
1751 2058 1842 2098 pag.
1865 2057 1931 2100 29.

503 2099 598 2150 (x)
623 2098 815 2140 Secunda
836 2097 1096 2142 continuatio
1117 2098 1279 2158 Epistol.
1301 2111 1394 2151 pag.
1416 2113 1509 2161 257.

1080 2261 1506 2316 1²1le.

1954 2680 2120 2730 TA-
