2262 3182
606 191 1487 251 SUBSECIVA.
1850 222 1906 270 33

219 330 283 376 do
319 327 448 373 maris
482 327 721 385 capiuntur
742 361 756 383 ‚
790 329 898 386 quin
936 327 1235 388 microscopio
1267 329 1462 387 insptha
1484 367 1498 386 ,
1534 333 1716 394 aliquod
1751 339 1912 384 miran-

221 405 326 451 dum
357 399 575 448 insefftum
613 403 728 464 (m)
766 403 912 460 alant,
948 403 1257 463 habeantque,
1280 405 1414 463 quod
1448 407 1620 453 videtur
1653 411 1750 458 effe*
1778 412 1912 472 Poly·

216 493 301 538 pus
335 477 586 524 racemosus
621 478 692 525 vel
728 479 972 526 bullularis.
1008 478 1112 527 Hoc
1139 480 1481 536 animalculum,
1515 485 1701 529 maxime
1723 487 1910 547 amplifi-

214 568 345 601 cante
380 555 682 616 microscopio
717 555 970 617 inspetstum
998 592 1012 614 ‚
1057 560 1320 621 congeriem
1364 573 1596 618 parvarum
1631 565 1911 622 campanula.

213 646 312 680 rum
350 632 422 678 vel
458 633 727 681 bullularum
762 634 995 681 aemulatur
1019 669 1034 690 .,
1080 647 1178 694 quae
1215 649 1374 681 trunco
1406 634 1616 691 adnexae,
1665 636 1769 683 hinc
1803 641 1907 687 inde
1963 662 2057 702 nb,

211 709 560 770 expanduntur:
616 710 794 756 fimulac
847 713 1163 760 animalculum
1217 713 1411 774 praedam
1460 711 1656 758 offendit
1678 746 1692 768 ‚
1750 713 1971 764 omnes111
1989 711 2098 764 figl-

209 787 490 848 campanulae
512 786 743 832 celerrime
766 787 1064 848 clauduntur,
1102 791 1455 849 aeinulanturque
1478 802 1660 834 uvarum
1682 804 1906 838 racemum

209 868 304 913 uvis
348 865 574 911 refertum.
643 862 748 910 Hoc
796 868 1114 914 animalculum
1159 868 1274 914 ultra
1306 868 1494 913 modum
1533 865 1791 916 saecundum
1828 871 1905 917 est.

208 944 406 991 octobri
440 945 485 989 in
519 943 692 988 ramulo
729 944 1005 1003 Corallinae,
1044 946 1260 992 insidente
1297 946 1469 999 ostreo,
1505 960 1646 1005 pauca
1678 944 1902 999 videram,

205 1020 281 1067 sed
318 1034 523 1080 tempore
558 1022 759 1080 quinque
795 1021 865 1066 vel
899 1021 972 1067 sex
996 1021 1338 1080 septimanarum
1363 1033 1488 1066 tanto
1513 1023 1794 1068 increverant
1819 1035 1901 1067 nu-

202 1112 357 1153 mem,
393 1110 442 1142 ut
475 1097 570 1142 fere
607 1110 754 1143 totum
790 1095 1003 1150 Ostreum
1039 1096 1310 1142 obtexerint.

263 1177 315 1220 In
360 1187 474 1232 aqua
519 1172 641 1218 dulci
685 1174 728 1220 in
775 1173 1022 1218 Brittannia
1064 1172 1217 1218 fimilia
1264 1173 1555 1217 inveniuntur
1597 1175 1898 1234 animalcula,

201 1251 352 1299 saltem
386 1251 574 1297 multum
609 1266 713 1297 cum
748 1250 815 1296 his
850 1251 1092 1298 convenire
1136 1250 1342 1297 videntur
1365 1283 1380 1304 ‚
1429 1249 1669 1297 secundum
1706 1253 1899 1314 descrip—

202 1333 374 1379 tionem
408 1329 459 1377 &
497 1332 676 1376 iconem
712 1331 757 1376 in
790 1330 844 1376 B.
878 1329 1106 1377 MARTINI
1144 1331 1380 1391 magazine
1411 1327 1463 1386 of
1489 1330 1602 1376 Ares
1633 1333 1721 1378 and
1745 1333 1894 1380 Scien-

200 1425 283 1457 ces.
322 1407 491 1456 Oc'tob.
536 1420 675 1470 1757.
710 1404 761 1455 &
798 1407 843 1454 in
877 1406 1120 1453 ScH‘aFFER
1149 1402 1443 1468 beschrybung
1466 1403 1540 1450 der
1567 1405 1890 1475 At·712†p0l3rpen.

201 1485 315 1532 Tab.
350 1486 385 1532 I.
419 1483 495 1549 fig.
534 1497 576 1547 3.

288 1643 398 1710 De
434 1643 913 1733 Propagatione
961 1642 1036 1710 ἐξ)
1060 1641 1328 1703 Uvas-iis
1362 1637 1802 1707 nonnullarum

379 1754 778 1823 cochlearum
814 1757 889 1830 ἕξ
910 1755 1269 1846 ἑφψὲἲονανη
1299 1755 1706 1820 marinorum.

264 1940 310 1986 Si
344 1940 500 1986 summi
536 1941 765 1989 Creatoris
801 1939 1058 2002 sapientiam
1092 1938 1144 1986 &
1178 1937 1538 1994 Providentiam,
1573 1936 1617 1981 in
1643 1935 1812 1982 alendis
1836 1936 1887 1985 δε

193 2019 727 2078 conservandis-avibus,
775 2019 1042 2078 infestisque
1077 2019 1216 2064 aereis
1249 2016 1300 2064 &
1336 2018 1548 2071 ωτι-θυῖε,
1591 2029 1886 2062 veneremur:

194 2113 288 2144 non
321 2100 465 2144 minus
490 2097 743 2143 admiraturi
769 2097 916 2142 sumus
939 2096 1126 2155 piscium
1142 2129 1156 2150 ‚
1192 2094 1471 2153 aliorumque
1494 2093 1769 2138 marinorum
1792 2095 1887 2138 ani·

194 2176 377 2221 malium
412 2178 713 2222 aeconomiam
748 2174 799 2222 <Sc
836 2174 1234 2235 propagationem:
1272 2171 1422 2230 estque
1449 2170 1549 2216 hoec
1582 2170 1791 2226 materia,
1830 2169 1886 2216 de

192 2267 278 2312 qua
325 2252 498 2296 ratione
543 2251 824 2314 singularium
869 2251 1273 2311 phaenomenorum
1321 2246 1368 2295 &
1414 2245 1545 2295 vastae
1582 2246 1886 2305 amplitudinis

191 2343 429 2389 perparum
465 2328 553 2374 huc
587 2330 723 2388 usque
757 2328 906 2376 astum
943 2328 1019 2373 est.

260 2407 379 2452 Inter
419 2419 621 2451 natantes
663 2406 806 2466 pisces
840 2405 1015 2465 semper
1051 2416 1289 2462 utrumque
1326 2401 1476 2447 sexum
1510 2399 1799 2446 masculinum
1833 2398 1885 2448 &

193 2482 469 2529 foemininum
492 2482 797 2528 internoscere
826 2482 946 2527 licet.

262 2555 357 2620 Qui
391 2557 445 2602 ad
478 2573 620 2621 genus
657 2557 902 2603 Cetaceum
938 2556 1008 2602 vel
1043 2556 1270 2616 plagiuros
1296 2553 1547 2612 pertinent,
1585 2552 1882 2611 nonnullique

1705 2629 1881 2688 generis

243 2738 344 2792 (m)
373 2737 440 2782 Est
469 2741 691 2780 Sertularia
718 2742 902 2792 Polypina
930 2739 1080 2779 Linum·
1106 2739 1184 2779 N0.
1213 2749 1277 2788 44.
1308 2734 1402 2786 Syst.
1435 2735 1584 2773 Naturae
1613 2733 1699 2773 edit.
1729 2736 1775 2771 X.

1003 2802 1042 2848 E
