<?xml version="1.0" encoding="UTF-8"?>
<!DOCTYPE html PUBLIC "-//W3C//DTD XHTML 1.0 Transitional//EN"
    "http://www.w3.org/TR/xhtml1/DTD/xhtml1-transitional.dtd">
<html xmlns="http://www.w3.org/1999/xhtml" xml:lang="en" lang="en">
 <head>
  <title>
</title>
<meta http-equiv="Content-Type" content="text/html;charset=utf-8" />
  <meta name='ocr-system' content='tesseract 3.04.00' />
  <meta name='ocr-capabilities' content='ocr_page ocr_carea ocr_par ocr_line ocrx_word'/>
</head>
<body>
  <div class='ocr_page' id='page_1' title='image "./jobibasteriopusc00bast_0204.png"; bbox 0 0 2262 3182; ppageno 0'>
   <div class='ocr_carea' id='block_1_1' title="bbox 379 152 1588 209">
    <p class='ocr_par' dir='ltr' id='par_1_1' title="bbox 379 152 1588 209">
     <span class='ocr_line' id='line_1_1' title="bbox 379 152 1588 209; baseline 0.002 -12"><span class='ocrx_word' id='word_1_1' title='bbox 379 178 436 209; x_wconf 73' lang='lat'><strong>10</strong></span> <span class='ocrx_word' id='word_1_2' title='bbox 795 152 1588 200; x_wconf 81' lang='lat' dir='ltr'>OPUSCULA</span> 
     </span>
    </p>
   </div>
   <div class='ocr_carea' id='block_1_2' title="bbox 380 282 2084 1903">
    <p class='ocr_par' dir='ltr' id='par_1_2' title="bbox 380 282 2060 783">
     <span class='ocr_line' id='line_1_2' title="bbox 380 282 2056 342; baseline -0.004 -6"><span class='ocrx_word' id='word_1_3' title='bbox 380 302 574 336; x_wconf 71' lang='lat' dir='ltr'><strong>rarorum</strong></span> <span class='ocrx_word' id='word_1_4' title='bbox 616 287 845 342; x_wconf 85' lang='lat' dir='ltr'><strong>utriusque</strong></span> <span class='ocrx_word' id='word_1_5' title='bbox 881 282 1007 342; x_wconf 83' lang='lat' dir='ltr'><strong>hujus</strong></span> <span class='ocrx_word' id='word_1_6' title='bbox 1041 282 1209 328; x_wconf 79' lang='lat' dir='ltr'><strong>brachii</strong></span> <span class='ocrx_word' id='word_1_7' title='bbox 1233 282 1432 328; x_wconf 89' lang='lat' dir='ltr'><strong>dentium</strong></span> <span class='ocrx_word' id='word_1_8' title='bbox 1459 297 1546 342; x_wconf 89' lang='lat' dir='ltr'><strong>ope</strong></span> <span class='ocrx_word' id='word_1_9' title='bbox 1571 318 1585 340; x_wconf 79' lang='lat'>‚</span> <span class='ocrx_word' id='word_1_10' title='bbox 1622 286 1666 330; x_wconf 88' lang='lat' dir='ltr'><strong>in</strong></span> <span class='ocrx_word' id='word_1_11' title='bbox 1689 286 1925 330; x_wconf 76' lang='lat' dir='ltr'>minutiora</span> <span class='ocrx_word' id='word_1_12' title='bbox 1947 299 2056 330; x_wconf 88' lang='lat' dir='ltr'><strong>con-</strong></span> 
     </span>
     <span class='ocr_line' id='line_1_3' title="bbox 381 356 2058 424; baseline -0.005 -13"><span class='ocrx_word' id='word_1_13' title='bbox 381 362 661 424; x_wconf 70' lang='lat' dir='ltr'><strong>frIngendam</strong></span> <span class='ocrx_word' id='word_1_14' title='bbox 695 359 827 405; x_wconf 84' lang='lat' dir='ltr'><strong>frusta</strong></span> <span class='ocrx_word' id='word_1_15' title='bbox 860 356 906 403; x_wconf 67' lang='grc' dir='ltr'>ἅ</span> <span class='ocrx_word' id='word_1_16' title='bbox 942 357 996 402; x_wconf 82' lang='lat' dir='ltr'><strong>ad</strong></span> <span class='ocrx_word' id='word_1_17' title='bbox 1031 356 1181 403; x_wconf 74' lang='lat' dir='ltr'><strong>fauces</strong></span> <span class='ocrx_word' id='word_1_18' title='bbox 1217 358 1541 417; x_wconf 79' lang='lat' dir='ltr'><strong>perferendam.</strong></span> <span class='ocrx_word' id='word_1_19' title='bbox 1619 359 1688 404; x_wconf 83' lang='lat' dir='ltr'><strong>Ex</strong></span> <span class='ocrx_word' id='word_1_20' title='bbox 1723 360 1875 406; x_wconf 82' lang='lat' dir='ltr'><strong>infimo</strong></span> <span class='ocrx_word' id='word_1_21' title='bbox 1897 362 2058 406; x_wconf 84' lang='lat' dir='ltr'><strong>horum</strong></span> 
     </span>
     <span class='ocr_line' id='line_1_4' title="bbox 384 431 2058 493; baseline -0.003 -8"><span class='ocrx_word' id='word_1_22' title='bbox 384 438 670 485; x_wconf 81' lang='lat' dir='ltr'><strong>brachiorum</strong></span> <span class='ocrx_word' id='word_1_23' title='bbox 693 432 885 479; x_wconf 81' lang='lat' dir='ltr'><strong>articulo</strong></span> <span class='ocrx_word' id='word_1_24' title='bbox 910 433 1041 476; x_wconf 83' lang='lat' dir='ltr'><strong>etiam</strong></span> <span class='ocrx_word' id='word_1_25' title='bbox 1068 447 1091 476; x_wconf 80' lang='lat' dir='ltr'>a</span> <span class='ocrx_word' id='word_1_26' title='bbox 1113 431 1250 477; x_wconf 79' lang='lat' dir='ltr'><strong>latere</strong></span> <span class='ocrx_word' id='word_1_27' title='bbox 1274 466 1288 487; x_wconf 77' lang='lat'>,</span> <span class='ocrx_word' id='word_1_28' title='bbox 1329 433 1472 478; x_wconf 85' lang='lat' dir='ltr'><strong>tenuis</strong></span> <span class='ocrx_word' id='word_1_29' title='bbox 1503 431 1548 478; x_wconf 82' lang='lat'>&amp;</span> <span class='ocrx_word' id='word_1_30' title='bbox 1570 433 1699 492; x_wconf 77' lang='lat' dir='ltr'><strong>plana</strong></span> <span class='ocrx_word' id='word_1_31' title='bbox 1723 436 2058 493; x_wconf 78' lang='lat' dir='ltr'><strong>quodammodo</strong></span> 
     </span>
     <span class='ocr_line' id='line_1_5' title="bbox 382 507 2060 573; baseline -0.003 -16"><span class='ocrx_word' id='word_1_32' title='bbox 382 512 575 573; x_wconf 77' lang='lat' dir='ltr'><strong>exsurgit</strong></span> <span class='ocrx_word' id='word_1_33' title='bbox 610 524 700 571; x_wconf 87' lang='lat' dir='ltr'><strong>prae</strong></span> <span class='ocrx_word' id='word_1_34' title='bbox 737 509 976 554; x_wconf 83' lang='lat' dir='ltr'><strong>eminentia</strong></span> <span class='ocrx_word' id='word_1_35' title='bbox 1012 541 1025 562; x_wconf 87' lang='lat'>,</span> <span class='ocrx_word' id='word_1_36' title='bbox 1073 507 1194 563; x_wconf 68' lang='lat' dir='ltr'><strong>cuius</strong></span> <span class='ocrx_word' id='word_1_37' title='bbox 1240 508 1469 552; x_wconf 84' lang='lat' dir='ltr'><strong>dimidium</strong></span> <span class='ocrx_word' id='word_1_38' title='bbox 1518 509 1717 567; x_wconf 85' lang='lat' dir='ltr'><strong>superius</strong></span> <span class='ocrx_word' id='word_1_39' title='bbox 1757 511 1941 555; x_wconf 76' lang='lat' dir='ltr'><strong>annellis</strong></span> <span class='ocrx_word' id='word_1_40' title='bbox 1974 509 2060 553; x_wconf 86' lang='lat' dir='ltr'><strong>five</strong></span> 
     </span>
     <span class='ocr_line' id='line_1_6' title="bbox 383 580 2060 641; baseline -0.004 -9"><span class='ocrx_word' id='word_1_41' title='bbox 383 585 578 633; x_wconf 77' lang='lat' dir='ltr'>articulis</span> <span class='ocrx_word' id='word_1_42' title='bbox 620 585 787 631; x_wconf 74' lang='lat' dir='ltr'><strong>constat</strong></span> <span class='ocrx_word' id='word_1_43' title='bbox 823 617 837 636; x_wconf 88' lang='lat'>,</span> <span class='ocrx_word' id='word_1_44' title='bbox 887 582 1048 641; x_wconf 81' lang='lat' dir='ltr'><strong>quibus</strong></span> <span class='ocrx_word' id='word_1_45' title='bbox 1095 580 1272 627; x_wconf 75' lang='lat' dir='ltr'><strong>fortaffe</strong></span> <span class='ocrx_word' id='word_1_46' title='bbox 1317 582 1500 627; x_wconf 77' lang='lat' dir='ltr'><strong>Astacus</strong></span> <span class='ocrx_word' id='word_1_47' title='bbox 1550 583 1689 629; x_wconf 77' lang='lat' dir='ltr'><strong>escam</strong></span> <span class='ocrx_word' id='word_1_48' title='bbox 1738 585 1853 629; x_wconf 77' lang='lat' dir='ltr'><strong>suam</strong></span> <span class='ocrx_word' id='word_1_49' title='bbox 1897 582 2060 627; x_wconf 82' lang='lat' dir='ltr'><strong>identi-</strong></span> 
     </span>
     <span class='ocr_line' id='line_1_7' title="bbox 386 655 2059 717; baseline -0.004 -11"><span class='ocrx_word' id='word_1_50' title='bbox 386 661 489 706; x_wconf 85' lang='lat' dir='ltr'><strong>dem</strong></span> <span class='ocrx_word' id='word_1_51' title='bbox 516 695 530 715; x_wconf 82' lang='grc'><em>,</em></span> <span class='ocrx_word' id='word_1_52' title='bbox 567 663 682 706; x_wconf 89' lang='lat' dir='ltr'><strong>inter</strong></span> <span class='ocrx_word' id='word_1_53' title='bbox 718 660 904 704; x_wconf 79' lang='lat' dir='ltr'><strong>serratos</strong></span> <span class='ocrx_word' id='word_1_54' title='bbox 939 655 1223 702; x_wconf 79' lang='lat' dir='ltr'><strong>brachiorum</strong></span> <span class='ocrx_word' id='word_1_55' title='bbox 1260 657 1385 717; x_wconf 80' lang='lat' dir='ltr'><strong>supra</strong></span> <span class='ocrx_word' id='word_1_56' title='bbox 1417 656 1740 717; x_wconf 80' lang='lat' dir='ltr'><strong>descriptorum</strong></span> <span class='ocrx_word' id='word_1_57' title='bbox 1765 657 2018 704; x_wconf 77' lang='lat' dir='ltr'><strong>denticulos</strong></span> <span class='ocrx_word' id='word_1_58' title='bbox 2046 689 2059 712; x_wconf 76' lang='lat'>‚</span> 
     </span>
     <span class='ocr_line' id='line_1_8' title="bbox 387 737 563 783; baseline -0.011 0"><span class='ocrx_word' id='word_1_59' title='bbox 387 737 563 783; x_wconf 81' lang='lat' dir='ltr'><strong>retinet.</strong></span> 
     </span>
    </p>

    <p class='ocr_par' dir='ltr' id='par_1_3' title="bbox 390 802 2071 1318">
     <span class='ocr_line' id='line_1_9' title="bbox 452 802 2061 867; baseline -0.006 -9"><span class='ocrx_word' id='word_1_60' title='bbox 452 812 555 858; x_wconf 84' lang='lat' dir='ltr'><strong>Post</strong></span> <span class='ocrx_word' id='word_1_61' title='bbox 590 811 685 856; x_wconf 79' lang='lat' dir='ltr'><strong>haec</strong></span> <span class='ocrx_word' id='word_1_62' title='bbox 720 809 901 854; x_wconf 80' lang='lat' dir='ltr'><strong>brachia</strong></span> <span class='ocrx_word' id='word_1_63' title='bbox 943 807 1033 853; x_wconf 88' lang='lat' dir='ltr'><strong>duo</strong></span> <span class='ocrx_word' id='word_1_64' title='bbox 1068 810 1243 867; x_wconf 78' lang='lat' dir='ltr'><strong>priores</strong></span> <span class='ocrx_word' id='word_1_65' title='bbox 1277 806 1416 866; x_wconf 87' lang='lat' dir='ltr'><strong>pedes</strong></span> <span class='ocrx_word' id='word_1_66' title='bbox 1442 807 1614 852; x_wconf 82' lang='lat' dir='ltr'><strong>caeteris</strong></span> <span class='ocrx_word' id='word_1_67' title='bbox 1637 807 1779 853; x_wconf 86' lang='lat' dir='ltr'><strong>multo</strong></span> <span class='ocrx_word' id='word_1_68' title='bbox 1804 806 1993 866; x_wconf 79' lang='lat' dir='ltr'><strong>majores</strong></span> <span class='ocrx_word' id='word_1_69' title='bbox 2017 802 2061 850; x_wconf 82' lang='lat'>&amp;</span> 
     </span>
     <span class='ocr_line' id='line_1_10' title="bbox 392 880 2062 942; baseline -0.007 -8"><span class='ocrx_word' id='word_1_70' title='bbox 392 888 529 934; x_wconf 64' lang='lat' dir='ltr'><strong>Chelae</strong></span> <span class='ocrx_word' id='word_1_71' title='bbox 564 886 665 930; x_wconf 60' lang='lat' dir='ltr'><strong>dieti</strong></span> <span class='ocrx_word' id='word_1_72' title='bbox 701 884 942 942; x_wconf 88' lang='lat' dir='ltr'><strong>sequuntur</strong></span> <span class='ocrx_word' id='word_1_73' title='bbox 966 915 979 938; x_wconf 84' lang='lat'>,</span> <span class='ocrx_word' id='word_1_74' title='bbox 1016 897 1040 927; x_wconf 89' lang='lat' dir='ltr'><strong>e</strong></span> <span class='ocrx_word' id='word_1_75' title='bbox 1076 882 1148 926; x_wconf 82' lang='lat' dir='ltr'><strong>sex</strong></span> <span class='ocrx_word' id='word_1_76' title='bbox 1183 882 1419 927; x_wconf 59' lang='lat' dir='ltr'><strong>constructi</strong></span> <span class='ocrx_word' id='word_1_77' title='bbox 1455 880 1667 926; x_wconf 80' lang='lat' dir='ltr'><strong>articulis.</strong></span> <span class='ocrx_word' id='word_1_78' title='bbox 1736 882 1863 928; x_wconf 85' lang='lat' dir='ltr'><strong>Alter</strong></span> <span class='ocrx_word' id='word_1_79' title='bbox 1887 893 2062 927; x_wconf 86' lang='lat' dir='ltr'><strong>eorum-</strong></span> 
     </span>
     <span class='ocr_line' id='line_1_11' title="bbox 390 952 2067 1021; baseline -0.007 -13"><span class='ocrx_word' id='word_1_80' title='bbox 390 963 495 1009; x_wconf 87' lang='lat' dir='ltr'><strong>dem</strong></span> <span class='ocrx_word' id='word_1_81' title='bbox 527 959 693 1021; x_wconf 85' lang='lat' dir='ltr'><strong>pedum</strong></span> <span class='ocrx_word' id='word_1_82' title='bbox 720 992 734 1015; x_wconf 83' lang='lat'>,</span> <span class='ocrx_word' id='word_1_83' title='bbox 770 957 927 1003; x_wconf 77' lang='lat' dir='ltr'><strong>dexter</strong></span> <span class='ocrx_word' id='word_1_84' title='bbox 962 955 1226 1016; x_wconf 86' lang='lat' dir='ltr'><strong>plerumque</strong></span> <span class='ocrx_word' id='word_1_85' title='bbox 1264 952 1361 1016; x_wconf 74' lang='lat' dir='ltr'><strong>(f)</strong></span> <span class='ocrx_word' id='word_1_86' title='bbox 1399 953 1540 998; x_wconf 81' lang='lat' dir='ltr'><strong>altero</strong></span> <span class='ocrx_word' id='word_1_87' title='bbox 1575 953 1711 1013; x_wconf 83' lang='lat' dir='ltr'><strong>major</strong></span> <span class='ocrx_word' id='word_1_88' title='bbox 1741 955 1800 1000; x_wconf 86' lang='lat' dir='ltr'><strong>est</strong></span> <span class='ocrx_word' id='word_1_89' title='bbox 1824 991 1836 1012; x_wconf 90' lang='lat'><em>‚</em></span> <span class='ocrx_word' id='word_1_90' title='bbox 1876 953 1921 1000; x_wconf 68' lang='grc' dir='ltr'><strong>δε</strong></span> <span class='ocrx_word' id='word_1_91' title='bbox 1955 955 2067 998; x_wconf 87' lang='lat' dir='ltr'><strong>inte-</strong></span> 
     </span>
     <span class='ocr_line' id='line_1_12' title="bbox 391 1027 2069 1088; baseline -0.007 -5"><span class='ocrx_word' id='word_1_92' title='bbox 391 1038 482 1083; x_wconf 86' lang='lat' dir='ltr'><strong>rius</strong></span> <span class='ocrx_word' id='word_1_93' title='bbox 503 1034 651 1081; x_wconf 88' lang='lat' dir='ltr'><strong>nodos</strong></span> <span class='ocrx_word' id='word_1_94' title='bbox 672 1032 829 1088; x_wconf 78' lang='lat' dir='ltr'><strong>habet,</strong></span> <span class='ocrx_word' id='word_1_95' title='bbox 866 1045 969 1077; x_wconf 89' lang='lat' dir='ltr'><strong>cum</strong></span> <span class='ocrx_word' id='word_1_96' title='bbox 993 1031 1180 1075; x_wconf 86' lang='lat' dir='ltr'><strong>interius</strong></span> <span class='ocrx_word' id='word_1_97' title='bbox 1203 1030 1386 1074; x_wconf 87' lang='lat' dir='ltr'><strong>minoris</strong></span> <span class='ocrx_word' id='word_1_98' title='bbox 1410 1028 1550 1073; x_wconf 77' lang='lat' dir='ltr'><strong>ehelae</strong></span> <span class='ocrx_word' id='word_1_99' title='bbox 1578 1027 1690 1073; x_wconf 81' lang='lat' dir='ltr'><strong>latus</strong></span> <span class='ocrx_word' id='word_1_100' title='bbox 1716 1028 1952 1074; x_wconf 79' lang='lat' dir='ltr'><strong>denticulis</strong></span> <span class='ocrx_word' id='word_1_101' title='bbox 1970 1027 2069 1086; x_wconf 91' lang='lat' dir='ltr'><strong>plu·</strong></span> 
     </span>
     <span class='ocr_line' id='line_1_13' title="bbox 392 1099 2070 1159; baseline -0.008 0"><span class='ocrx_word' id='word_1_102' title='bbox 392 1114 514 1159; x_wconf 83' lang='lat' dir='ltr'><strong>rimis</strong></span> <span class='ocrx_word' id='word_1_103' title='bbox 549 1109 804 1156; x_wconf 67' lang='lat' dir='ltr'><strong>instrustum</strong></span> <span class='ocrx_word' id='word_1_104' title='bbox 840 1106 914 1152; x_wconf 90' lang='lat' dir='ltr'><strong>est.</strong></span> <span class='ocrx_word' id='word_1_105' title='bbox 986 1102 1068 1147; x_wconf 87' lang='lat' dir='ltr'><strong>Hae</strong></span> <span class='ocrx_word' id='word_1_106' title='bbox 1106 1102 1245 1147; x_wconf 85' lang='lat' dir='ltr'><strong>chelae</strong></span> <span class='ocrx_word' id='word_1_107' title='bbox 1269 1103 1483 1147; x_wconf 81' lang='lat' dir='ltr'><strong>introrsus</strong></span> <span class='ocrx_word' id='word_1_108' title='bbox 1508 1102 1562 1144; x_wconf 85' lang='lat' dir='ltr'><strong>ad</strong></span> <span class='ocrx_word' id='word_1_109' title='bbox 1586 1116 1637 1145; x_wconf 90' lang='lat' dir='ltr'><strong>os</strong></span> <span class='ocrx_word' id='word_1_110' title='bbox 1660 1101 1833 1147; x_wconf 83' lang='lat' dir='ltr'><strong>reflexae</strong></span> <span class='ocrx_word' id='word_1_111' title='bbox 1857 1102 1953 1146; x_wconf 87' lang='lat' dir='ltr'><strong>sunt</strong></span> <span class='ocrx_word' id='word_1_112' title='bbox 1978 1134 1992 1156; x_wconf 89' lang='lat'>‚</span> <span class='ocrx_word' id='word_1_113' title='bbox 2024 1099 2070 1146; x_wconf 68' lang='grc' dir='ltr'><strong>δε</strong></span> 
     </span>
     <span class='ocr_line' id='line_1_14' title="bbox 393 1174 2071 1247; baseline -0.007 -15"><span class='ocrx_word' id='word_1_114' title='bbox 393 1198 606 1247; x_wconf 81' lang='lat' dir='ltr'><strong>magnum</strong></span> <span class='ocrx_word' id='word_1_115' title='bbox 640 1185 686 1227; x_wconf 87' lang='lat' dir='ltr'><strong>in</strong></span> <span class='ocrx_word' id='word_1_116' title='bbox 721 1184 773 1227; x_wconf 87' lang='lat' dir='ltr'><strong>iis</strong></span> <span class='ocrx_word' id='word_1_117' title='bbox 808 1179 946 1226; x_wconf 84' lang='lat' dir='ltr'><strong>robur</strong></span> <span class='ocrx_word' id='word_1_118' title='bbox 979 1177 1116 1224; x_wconf 79' lang='lat' dir='ltr'><strong>habet</strong></span> <span class='ocrx_word' id='word_1_119' title='bbox 1147 1175 1332 1221; x_wconf 83' lang='lat' dir='ltr'><strong>Astacus</strong></span> <span class='ocrx_word' id='word_1_120' title='bbox 1357 1210 1371 1232; x_wconf 90' lang='lat'><strong>,</strong></span> <span class='ocrx_word' id='word_1_121' title='bbox 1408 1187 1450 1219; x_wconf 82' lang='lat' dir='ltr'><strong>at</strong></span> <span class='ocrx_word' id='word_1_122' title='bbox 1486 1174 1791 1236; x_wconf 85' lang='lat' dir='ltr'><strong>stringendum</strong></span> <span class='ocrx_word' id='word_1_123' title='bbox 1824 1176 1990 1235; x_wconf 82' lang='lat' dir='ltr'><strong>aliquid</strong></span> <span class='ocrx_word' id='word_1_124' title='bbox 2025 1174 2071 1221; x_wconf 87' lang='lat'>&amp;</span> 
     </span>
     <span class='ocr_line' id='line_1_15' title="bbox 395 1255 832 1318; baseline -0.016 -12"><span class='ocrx_word' id='word_1_125' title='bbox 395 1258 678 1306; x_wconf 85' lang='lat' dir='ltr'><strong>retinendum</strong></span> <span class='ocrx_word' id='word_1_126' title='bbox 713 1255 832 1318; x_wconf 78' lang='lat' dir='ltr'><strong>(g).</strong></span> 
     </span>
    </p>

    <p class='ocr_par' dir='ltr' id='par_1_4' title="bbox 397 1321 2084 1903">
     <span class='ocr_line' id='line_1_16' title="bbox 461 1321 2076 1389; baseline -0.006 -11"><span class='ocrx_word' id='word_1_127' title='bbox 461 1331 563 1378; x_wconf 89' lang='lat' dir='ltr'><strong>Post</strong></span> <span class='ocrx_word' id='word_1_128' title='bbox 589 1329 773 1389; x_wconf 78' lang='lat' dir='ltr'><strong>majores</strong></span> <span class='ocrx_word' id='word_1_129' title='bbox 797 1327 872 1370; x_wconf 81' lang='lat' dir='ltr'><strong>has</strong></span> <span class='ocrx_word' id='word_1_130' title='bbox 897 1323 1045 1370; x_wconf 79' lang='lat' dir='ltr'><strong>chelas</strong></span> <span class='ocrx_word' id='word_1_131' title='bbox 1068 1335 1260 1382; x_wconf 85' lang='lat' dir='ltr'><strong>quatuor</strong></span> <span class='ocrx_word' id='word_1_132' title='bbox 1287 1321 1451 1382; x_wconf 84' lang='lat' dir='ltr'><strong>pedum</strong></span> <span class='ocrx_word' id='word_1_133' title='bbox 1475 1323 1595 1382; x_wconf 73' lang='lat' dir='ltr'><strong>paria</strong></span> <span class='ocrx_word' id='word_1_134' title='bbox 1621 1321 1955 1381; x_wconf 82' lang='lat' dir='ltr'><strong>deprehendes,</strong></span> <span class='ocrx_word' id='word_1_135' title='bbox 1993 1324 2076 1369; x_wconf 85' lang='lat' dir='ltr'><strong>fin·</strong></span> 
     </span>
     <span class='ocr_line' id='line_1_17' title="bbox 397 1397 2076 1470; baseline -0.007 -18"><span class='ocrx_word' id='word_1_136' title='bbox 397 1405 529 1470; x_wconf 82' lang='lat' dir='ltr'><strong>gulos</strong></span> <span class='ocrx_word' id='word_1_137' title='bbox 569 1404 736 1465; x_wconf 86' lang='lat' dir='ltr'><strong>septem</strong></span> <span class='ocrx_word' id='word_1_138' title='bbox 772 1398 1060 1447; x_wconf 81' lang='lat' dir='ltr'><strong>articulorum</strong></span> <span class='ocrx_word' id='word_1_139' title='bbox 1087 1413 1097 1442; x_wconf 73' lang='grc' dir='ltr'><strong><em>ε</em></strong></span> <span class='ocrx_word' id='word_1_140' title='bbox 1131 1399 1280 1457; x_wconf 80' lang='lat' dir='ltr'><strong>priora</strong></span> <span class='ocrx_word' id='word_1_141' title='bbox 1315 1398 1406 1443; x_wconf 88' lang='lat' dir='ltr'><strong>duo</strong></span> <span class='ocrx_word' id='word_1_142' title='bbox 1430 1398 1548 1457; x_wconf 80' lang='lat' dir='ltr'><strong>paria</strong></span> <span class='ocrx_word' id='word_1_143' title='bbox 1572 1397 1702 1441; x_wconf 77' lang='lat' dir='ltr'><strong>etiam</strong></span> <span class='ocrx_word' id='word_1_144' title='bbox 1724 1397 1903 1440; x_wconf 81' lang='lat' dir='ltr'><strong>minutis</strong></span> <span class='ocrx_word' id='word_1_145' title='bbox 1928 1398 2076 1441; x_wconf 86' lang='lat' dir='ltr'><strong>termi-</strong></span> 
     </span>
     <span class='ocr_line' id='line_1_18' title="bbox 397 1471 2080 1538; baseline -0.01 -8"><span class='ocrx_word' id='word_1_146' title='bbox 397 1495 560 1529; x_wconf 81' lang='lat' dir='ltr'><strong>nantur</strong></span> <span class='ocrx_word' id='word_1_147' title='bbox 596 1478 801 1538; x_wconf 77' lang='lat' dir='ltr'><strong>carpibus</strong></span> <span class='ocrx_word' id='word_1_148' title='bbox 826 1508 840 1529; x_wconf 86' lang='lat'>,</span> <span class='ocrx_word' id='word_1_149' title='bbox 874 1487 1046 1533; x_wconf 70' lang='lat' dir='ltr'><strong>magnae</strong></span> <span class='ocrx_word' id='word_1_150' title='bbox 1083 1472 1251 1517; x_wconf 80' lang='lat' dir='ltr'><strong>Astacis</strong></span> <span class='ocrx_word' id='word_1_151' title='bbox 1277 1507 1291 1526; x_wconf 86' lang='lat'>‚</span> <span class='ocrx_word' id='word_1_152' title='bbox 1327 1471 1432 1517; x_wconf 85' lang='lat' dir='ltr'><strong>dum</strong></span> <span class='ocrx_word' id='word_1_153' title='bbox 1467 1471 1678 1516; x_wconf 78' lang='lat' dir='ltr'><strong>scandent</strong></span> <span class='ocrx_word' id='word_1_154' title='bbox 1700 1484 1773 1516; x_wconf 82' lang='lat' dir='ltr'><strong>aut</strong></span> <span class='ocrx_word' id='word_1_155' title='bbox 1798 1484 1995 1529; x_wconf 81' lang='lat' dir='ltr'><strong>repunt,</strong></span> <span class='ocrx_word' id='word_1_156' title='bbox 2030 1471 2080 1514; x_wconf 84' lang='lat' dir='ltr'><strong>in.</strong></span> 
     </span>
     <span class='ocr_line' id='line_1_19' title="bbox 401 1543 2079 1603; baseline -0.007 -1"><span class='ocrx_word' id='word_1_157' title='bbox 401 1552 671 1602; x_wconf 77' lang='lat' dir='ltr'><strong>adhaerendo</strong></span> <span class='ocrx_word' id='word_1_158' title='bbox 706 1547 945 1599; x_wconf 69' lang='lat' dir='ltr'><strong>utilitatis3</strong></span> <span class='ocrx_word' id='word_1_159' title='bbox 982 1545 1079 1588; x_wconf 83' lang='lat' dir='ltr'><strong>sunt</strong></span> <span class='ocrx_word' id='word_1_160' title='bbox 1117 1546 1245 1588; x_wconf 78' lang='lat' dir='ltr'><strong>etiam</strong></span> <span class='ocrx_word' id='word_1_161' title='bbox 1278 1545 1393 1588; x_wconf 85' lang='lat' dir='ltr'><strong>binis</strong></span> <span class='ocrx_word' id='word_1_162' title='bbox 1426 1544 1742 1603; x_wconf 85' lang='lat' dir='ltr'><strong>posterioribus</strong></span> <span class='ocrx_word' id='word_1_163' title='bbox 1765 1543 1971 1602; x_wconf 78' lang='lat' dir='ltr'><strong>paribus,</strong></span> <span class='ocrx_word' id='word_1_164' title='bbox 2005 1544 2079 1590; x_wconf 78' lang='lat' dir='ltr'><strong>ha-</strong></span> 
     </span>
     <span class='ocr_line' id='line_1_20' title="bbox 401 1604 2081 1686; baseline -0.007 -10"><span class='ocrx_word' id='word_1_165' title='bbox 401 1629 550 1680; x_wconf 85' lang='lat' dir='ltr'><strong>mulos</strong></span> <span class='ocrx_word' id='word_1_166' title='bbox 581 1624 798 1686; x_wconf 76' lang='lat' dir='ltr'><strong>simplices</strong></span> <span class='ocrx_word' id='word_1_167' title='bbox 832 1620 1098 1664; x_wconf 78' lang='lat' dir='ltr'><strong>habentibus</strong></span> <span class='ocrx_word' id='word_1_168' title='bbox 1125 1651 1138 1672; x_wconf 93' lang='lat'>,</span> <span class='ocrx_word' id='word_1_169' title='bbox 1176 1615 1221 1662; x_wconf 85' lang='lat'>&amp;</span> <span class='ocrx_word' id='word_1_170' title='bbox 1254 1619 1370 1662; x_wconf 87' lang='lat' dir='ltr'><strong>inter</strong></span> <span class='ocrx_word' id='word_1_171' title='bbox 1404 1631 1505 1676; x_wconf 82' lang='lat' dir='ltr'><strong>quae</strong></span> <span class='ocrx_word' id='word_1_172' title='bbox 1539 1632 1683 1677; x_wconf 82' lang='lat' dir='ltr'><strong>partes</strong></span> <span class='ocrx_word' id='word_1_173' title='bbox 1719 1617 1935 1679; x_wconf 80' lang='lat' dir='ltr'><strong>genitales</strong></span> <span class='ocrx_word' id='word_1_174' title='bbox 1956 1604 2081 1664; x_wconf 82' lang='lat' dir='ltr'><strong>inve-</strong></span> 
     </span>
     <span class='ocr_line' id='line_1_21' title="bbox 402 1686 2079 1758; baseline -0.007 -8"><span class='ocrx_word' id='word_1_175' title='bbox 402 1705 585 1751; x_wconf 87' lang='lat' dir='ltr'><strong>niuntur</strong></span> <span class='ocrx_word' id='word_1_176' title='bbox 607 1733 622 1755; x_wconf 80' lang='lat'>‚</span> <span class='ocrx_word' id='word_1_177' title='bbox 656 1697 791 1758; x_wconf 75' lang='lat' dir='ltr'><strong>paulo</strong></span> <span class='ocrx_word' id='word_1_178' title='bbox 826 1695 1046 1756; x_wconf 76' lang='lat' dir='ltr'><strong>longiora.</strong></span> <span class='ocrx_word' id='word_1_179' title='bbox 1116 1692 1288 1737; x_wconf 82' lang='lat' dir='ltr'><strong>Omnes</strong></span> <span class='ocrx_word' id='word_1_180' title='bbox 1322 1692 1369 1737; x_wconf 84' lang='lat' dir='ltr'><strong>hi</strong></span> <span class='ocrx_word' id='word_1_181' title='bbox 1403 1694 1505 1738; x_wconf 66' lang='grc' dir='ltr'><strong>06ὶο</strong></span> <span class='ocrx_word' id='word_1_182' title='bbox 1539 1692 1678 1751; x_wconf 86' lang='lat' dir='ltr'><strong>pedes</strong></span> <span class='ocrx_word' id='word_1_183' title='bbox 1715 1686 2079 1738; x_wconf 76' lang='lat' dir='ltr'><strong>extrinsecusre-</strong></span> 
     </span>
     <span class='ocr_line' id='line_1_22' title="bbox 405 1763 2084 1829; baseline -0.007 -7"><span class='ocrx_word' id='word_1_184' title='bbox 405 1776 506 1824; x_wconf 80' lang='lat' dir='ltr'><strong>flexi</strong></span> <span class='ocrx_word' id='word_1_185' title='bbox 542 1775 678 1826; x_wconf 77' lang='lat' dir='ltr'><strong>suntz,</strong></span> <span class='ocrx_word' id='word_1_186' title='bbox 714 1771 864 1829; x_wconf 86' lang='lat' dir='ltr'><strong>estque</strong></span> <span class='ocrx_word' id='word_1_187' title='bbox 900 1771 944 1812; x_wconf 88' lang='lat' dir='ltr'><strong>in</strong></span> <span class='ocrx_word' id='word_1_188' title='bbox 979 1767 1065 1812; x_wconf 87' lang='lat' dir='ltr'><strong>illis</strong></span> <span class='ocrx_word' id='word_1_189' title='bbox 1101 1765 1297 1810; x_wconf 76' lang='lat' dir='ltr'><strong>notabile</strong></span> <span class='ocrx_word' id='word_1_190' title='bbox 1323 1801 1334 1821; x_wconf 94' lang='lat'>‚</span> <span class='ocrx_word' id='word_1_191' title='bbox 1376 1765 1498 1824; x_wconf 87' lang='lat' dir='ltr'><strong>quod</strong></span> <span class='ocrx_word' id='word_1_192' title='bbox 1535 1778 1715 1823; x_wconf 74' lang='lat' dir='ltr'><strong>quartus</strong></span> <span class='ocrx_word' id='word_1_193' title='bbox 1755 1763 1800 1809; x_wconf 68' lang='grc' dir='ltr'>ἅ</span> <span class='ocrx_word' id='word_1_194' title='bbox 1837 1765 1981 1809; x_wconf 83' lang='lat' dir='ltr'><strong>sextus</strong></span> <span class='ocrx_word' id='word_1_195' title='bbox 2007 1780 2084 1811; x_wconf 88' lang='lat' dir='ltr'><strong>eo-</strong></span> 
     </span>
     <span class='ocr_line' id='line_1_23' title="bbox 408 1840 2084 1903; baseline -0.007 -6"><span class='ocrx_word' id='word_1_196' title='bbox 408 1849 610 1897; x_wconf 78' lang='lat' dir='ltr'><strong>rumdem</strong></span> <span class='ocrx_word' id='word_1_197' title='bbox 644 1845 854 1892; x_wconf 80' lang='lat' dir='ltr'><strong>articulus</strong></span> <span class='ocrx_word' id='word_1_198' title='bbox 890 1844 1061 1889; x_wconf 81' lang='lat' dir='ltr'><strong>caeteris</strong></span> <span class='ocrx_word' id='word_1_199' title='bbox 1097 1843 1176 1887; x_wconf 84' lang='lat' dir='ltr'><strong>fint</strong></span> <span class='ocrx_word' id='word_1_200' title='bbox 1211 1841 1455 1903; x_wconf 74' lang='lat' dir='ltr'><strong>longiores.</strong></span> <span class='ocrx_word' id='word_1_201' title='bbox 1524 1840 1630 1887; x_wconf 89' lang='lat' dir='ltr'><strong>Pilis</strong></span> <span class='ocrx_word' id='word_1_202' title='bbox 1665 1842 1793 1886; x_wconf 76' lang='lat' dir='ltr'><strong>etiam</strong></span> <span class='ocrx_word' id='word_1_203' title='bbox 1819 1873 1833 1899; x_wconf 91' lang='lat'>,</span> <span class='ocrx_word' id='word_1_204' title='bbox 1868 1843 1913 1886; x_wconf 87' lang='lat' dir='ltr'><strong>in</strong></span> <span class='ocrx_word' id='word_1_205' title='bbox 1939 1855 2084 1886; x_wconf 83' lang='lat' dir='ltr'><strong>extre-</strong></span> 
     </span>
    </p>
   </div>
   <div class='ocr_carea' id='block_1_3' title="bbox 2009 1931 2152 1962">
    <p class='ocr_par' dir='ltr' id='par_1_5' title="bbox 2009 1931 2152 1962">
     <span class='ocr_line' id='line_1_24' title="bbox 2009 1931 2152 1962; baseline 0.014 -2"><span class='ocrx_word' id='word_1_206' title='bbox 2009 1931 2050 1960; x_wconf 76' lang='lat' dir='ltr'><strong>n]</strong></span> <span class='ocrx_word' id='word_1_207' title='bbox 2057 1931 2089 1962; x_wconf 77' lang='grc' dir='ltr'><strong>Οι</strong></span> <span class='ocrx_word' id='word_1_208' title='bbox 2147 1956 2152 1962; x_wconf 37' lang='lat' dir='ltr'>x</span> 
     </span>
    </p>
   </div>
   <div class='ocr_carea' id='block_1_4' title="bbox 417 2040 2094 2285">
    <p class='ocr_par' dir='ltr' id='par_1_6' title="bbox 417 2040 2094 2285">
     <span class='ocr_line' id='line_1_25' title="bbox 468 2040 2090 2098; baseline -0.002 -13"><span class='ocrx_word' id='word_1_209' title='bbox 468 2047 548 2098; x_wconf 79' lang='lat' dir='ltr'><strong>(f)</strong></span> <span class='ocrx_word' id='word_1_210' title='bbox 575 2045 687 2085; x_wconf 85' lang='lat' dir='ltr'><strong>Mira</strong></span> <span class='ocrx_word' id='word_1_211' title='bbox 707 2043 879 2094; x_wconf 82' lang='lat' dir='ltr'><strong>piscium</strong></span> <span class='ocrx_word' id='word_1_212' title='bbox 905 2043 1212 2083; x_wconf 82' lang='lat' dir='ltr'><strong>crustaceorum</strong></span> <span class='ocrx_word' id='word_1_213' title='bbox 1235 2040 1510 2091; x_wconf 83' lang='lat' dir='ltr'><strong>plurimorum</strong></span> <span class='ocrx_word' id='word_1_214' title='bbox 1536 2040 1870 2090; x_wconf 80' lang='lat' dir='ltr'><strong>(plurimorum,</strong></span> <span class='ocrx_word' id='word_1_215' title='bbox 1900 2041 2090 2091; x_wconf 79' lang='lat' dir='ltr'><strong>inquam,</strong></span> 
     </span>
     <span class='ocr_line' id='line_1_26' title="bbox 417 2107 2090 2163; baseline -0.002 -11"><span class='ocrx_word' id='word_1_216' title='bbox 417 2114 603 2163; x_wconf 79' lang='lat' dir='ltr'><strong>quaedam</strong></span> <span class='ocrx_word' id='word_1_217' title='bbox 633 2112 741 2150; x_wconf 84' lang='lat' dir='ltr'><strong>enim</strong></span> <span class='ocrx_word' id='word_1_218' title='bbox 773 2107 1045 2150; x_wconf 81' lang='lat' dir='ltr'><strong>inveniuntur</strong></span> <span class='ocrx_word' id='word_1_219' title='bbox 1077 2108 1232 2159; x_wconf 85' lang='lat' dir='ltr'><strong>species</strong></span> <span class='ocrx_word' id='word_1_220' title='bbox 1255 2136 1266 2156; x_wconf 82' lang='lat'>‚</span> <span class='ocrx_word' id='word_1_221' title='bbox 1305 2119 1484 2157; x_wconf 88' lang='lat' dir='ltr'><strong>quorum</strong></span> <span class='ocrx_word' id='word_1_222' title='bbox 1519 2107 1643 2146; x_wconf 85' lang='lat' dir='ltr'><strong>chelae</strong></span> <span class='ocrx_word' id='word_1_223' title='bbox 1673 2107 1872 2156; x_wconf 85' lang='lat' dir='ltr'><strong>utrinque</strong></span> <span class='ocrx_word' id='word_1_224' title='bbox 1901 2107 2090 2158; x_wconf 77' lang='lat' dir='ltr'><strong>ejusdem</strong></span> 
     </span>
     <span class='ocr_line' id='line_1_27' title="bbox 418 2167 2091 2224; baseline -0.002 -11"><span class='ocrx_word' id='word_1_225' title='bbox 418 2177 538 2224; x_wconf 84' lang='lat' dir='ltr'><strong>plane</strong></span> <span class='ocrx_word' id='word_1_226' title='bbox 558 2170 852 2222; x_wconf 77' lang='lat' dir='ltr'><strong>magnitudinis</strong></span> <span class='ocrx_word' id='word_1_227' title='bbox 880 2170 1150 2222; x_wconf 82' lang='lat' dir='ltr'><strong>ejusdemque</strong></span> <span class='ocrx_word' id='word_1_228' title='bbox 1183 2169 1344 2210; x_wconf 68' lang='lat' dir='ltr'><strong>fabricae</strong></span> <span class='ocrx_word' id='word_1_229' title='bbox 1365 2171 1490 2218; x_wconf 75' lang='lat' dir='ltr'><strong>sunt)</strong></span> <span class='ocrx_word' id='word_1_230' title='bbox 1518 2180 1567 2207; x_wconf 85' lang='lat' dir='ltr'><strong>ex</strong></span> <span class='ocrx_word' id='word_1_231' title='bbox 1587 2167 1831 2208; x_wconf 80' lang='lat' dir='ltr'><strong>Astacorum</strong></span> <span class='ocrx_word' id='word_1_232' title='bbox 1853 2168 1894 2206; x_wconf 59' lang='grc' dir='ltr'><strong>ἃ</strong></span> <span class='ocrx_word' id='word_1_233' title='bbox 1913 2169 2091 2209; x_wconf 80' lang='lat' dir='ltr'><strong>cancro-</strong></span> 
     </span>
     <span class='ocr_line' id='line_1_28' title="bbox 421 2228 2094 2285; baseline -0.005 -9"><span class='ocrx_word' id='word_1_234' title='bbox 421 2247 515 2276; x_wconf 77' lang='lat' dir='ltr'><strong>rum</strong></span> <span class='ocrx_word' id='word_1_235' title='bbox 536 2245 685 2285; x_wconf 81' lang='lat' dir='ltr'><strong>genere</strong></span> <span class='ocrx_word' id='word_1_236' title='bbox 705 2232 933 2283; x_wconf 78' lang='lat' dir='ltr'><strong>proprietas</strong></span> <span class='ocrx_word' id='word_1_237' title='bbox 958 2231 1013 2269; x_wconf 87' lang='lat' dir='ltr'><strong>est</strong></span> <span class='ocrx_word' id='word_1_238' title='bbox 1035 2260 1047 2280; x_wconf 82' lang='lat'>‚</span> <span class='ocrx_word' id='word_1_239' title='bbox 1077 2231 1188 2280; x_wconf 88' lang='lat' dir='ltr'><strong>quod</strong></span> <span class='ocrx_word' id='word_1_240' title='bbox 1211 2231 1385 2271; x_wconf 79' lang='lat' dir='ltr'><strong>alteram</strong></span> <span class='ocrx_word' id='word_1_241' title='bbox 1404 2230 1559 2278; x_wconf 83' lang='lat' dir='ltr'><strong>semper</strong></span> <span class='ocrx_word' id='word_1_242' title='bbox 1585 2230 1741 2268; x_wconf 78' lang='lat' dir='ltr'><strong>chelam</strong></span> <span class='ocrx_word' id='word_1_243' title='bbox 1770 2228 1897 2268; x_wconf 56' lang='lat' dir='ltr'><strong>alter&amp;</strong></span> <span class='ocrx_word' id='word_1_244' title='bbox 1919 2230 2094 2269; x_wconf 76' lang='lat' dir='ltr'><strong>habeant</strong></span> 
     </span>
    </p>
   </div>
   <div class='ocr_carea' id='block_1_5' title="bbox 422 2290 2093 2402">
    <p class='ocr_par' dir='ltr' id='par_1_7' title="bbox 422 2290 2093 2402">
     <span class='ocr_line' id='line_1_29' title="bbox 422 2290 2093 2349; baseline -0.005 -10"><span class='ocrx_word' id='word_1_245' title='bbox 422 2297 635 2349; x_wconf 65' lang='lat' dir='ltr'><strong>majorem.</strong></span> <span class='ocrx_word' id='word_1_246' title='bbox 689 2295 736 2336; x_wconf 87' lang='lat' dir='ltr'><strong>In</strong></span> <span class='ocrx_word' id='word_1_247' title='bbox 769 2296 829 2335; x_wconf 85' lang='lat' dir='ltr'><strong>his</strong></span> <span class='ocrx_word' id='word_1_248' title='bbox 856 2293 1013 2334; x_wconf 84' lang='lat' dir='ltr'><strong>Astacis</strong></span> <span class='ocrx_word' id='word_1_249' title='bbox 1035 2321 1046 2341; x_wconf 84' lang='lat'>,</span> <span class='ocrx_word' id='word_1_250' title='bbox 1076 2293 1157 2332; x_wconf 80' lang='lat' dir='ltr'><strong>sine</strong></span> <span class='ocrx_word' id='word_1_251' title='bbox 1186 2292 1445 2340; x_wconf 86' lang='lat' dir='ltr'><strong>discrimine,</strong></span> <span class='ocrx_word' id='word_1_252' title='bbox 1475 2304 1589 2332; x_wconf 82' lang='lat' dir='ltr'><strong>nunc</strong></span> <span class='ocrx_word' id='word_1_253' title='bbox 1612 2293 1756 2332; x_wconf 84' lang='lat' dir='ltr'><strong>dextra</strong></span> <span class='ocrx_word' id='word_1_254' title='bbox 1772 2300 1888 2331; x_wconf 83' lang='lat' dir='ltr'><strong>nunc</strong></span> <span class='ocrx_word' id='word_1_255' title='bbox 1910 2290 2093 2341; x_wconf 86' lang='lat' dir='ltr'><strong>finist1·a;</strong></span> 
     </span>
     <span class='ocr_line' id='line_1_30' title="bbox 425 2350 1715 2402; baseline -0.008 -5"><span class='ocrx_word' id='word_1_256' title='bbox 425 2360 469 2399; x_wconf 78' lang='lat' dir='ltr'><strong>in</strong></span> <span class='ocrx_word' id='word_1_257' title='bbox 491 2357 579 2399; x_wconf 84' lang='lat' dir='ltr'><strong>aliis</strong></span> <span class='ocrx_word' id='word_1_258' title='bbox 598 2367 700 2396; x_wconf 79' lang='lat' dir='ltr'><strong>vero</strong></span> <span class='ocrx_word' id='word_1_259' title='bbox 731 2354 964 2394; x_wconf 78' lang='lat' dir='ltr'><strong>constanter</strong></span> <span class='ocrx_word' id='word_1_260' title='bbox 984 2353 1049 2391; x_wconf 71' lang='lat' dir='ltr'><strong>vel</strong></span> <span class='ocrx_word' id='word_1_261' title='bbox 1074 2353 1217 2392; x_wconf 83' lang='lat' dir='ltr'><strong>dextra</strong></span> <span class='ocrx_word' id='word_1_262' title='bbox 1238 2353 1304 2393; x_wconf 71' lang='lat' dir='ltr'><strong>vel</strong></span> <span class='ocrx_word' id='word_1_263' title='bbox 1324 2351 1477 2391; x_wconf 75' lang='lat' dir='ltr'><strong>sinistra</strong></span> <span class='ocrx_word' id='word_1_264' title='bbox 1498 2350 1626 2402; x_wconf 75' lang='lat' dir='ltr'><strong>major</strong></span> <span class='ocrx_word' id='word_1_265' title='bbox 1648 2350 1715 2388; x_wconf 81' lang='lat' dir='ltr'><strong>est.</strong></span> 
     </span>
    </p>
   </div>
   <div class='ocr_carea' id='block_1_6' title="bbox 439 2421 2101 2539">
    <p class='ocr_par' dir='ltr' id='par_1_8' title="bbox 439 2421 2101 2539">
     <span class='ocr_line' id='line_1_31' title="bbox 483 2421 2101 2480; baseline -0.005 -11"><span class='ocrx_word' id='word_1_266' title='bbox 483 2432 565 2480; x_wconf 78' lang='lat' dir='ltr'><strong>(g)</strong></span> <span class='ocrx_word' id='word_1_267' title='bbox 600 2430 881 2469; x_wconf 68' lang='lat' dir='ltr'><strong>Rumpnms</strong></span> <span class='ocrx_word' id='word_1_268' title='bbox 919 2423 961 2463; x_wconf 83' lang='lat' dir='ltr'><strong>in</strong></span> <span class='ocrx_word' id='word_1_269' title='bbox 989 2422 1106 2463; x_wconf 81' lang='lat' dir='ltr'><strong>India</strong></span> <span class='ocrx_word' id='word_1_270' title='bbox 1132 2435 1303 2474; x_wconf 83' lang='lat' dir='ltr'><strong>magnos</strong></span> <span class='ocrx_word' id='word_1_271' title='bbox 1335 2423 1411 2461; x_wconf 79' lang='lat' dir='ltr'><strong>ess&#39;e</strong></span> <span class='ocrx_word' id='word_1_272' title='bbox 1443 2434 1615 2462; x_wconf 81' lang='lat' dir='ltr'><strong>cancros</strong></span> <span class='ocrx_word' id='word_1_273' title='bbox 1657 2421 1730 2472; x_wconf 79' lang='lat' dir='ltr'><strong>(de</strong></span> <span class='ocrx_word' id='word_1_274' title='bbox 1755 2421 2101 2472; x_wconf 76' lang='lat' dir='ltr'><strong>Beurs-Kmbbe)</strong></span> 
     </span>
     <span class='ocr_line' id='line_1_32' title="bbox 439 2483 2096 2539; baseline -0.006 -11"><span class='ocrx_word' id='word_1_275' title='bbox 439 2490 575 2528; x_wconf 80' lang='lat' dir='ltr'><strong>scribit</strong></span> <span class='ocrx_word' id='word_1_276' title='bbox 598 2518 609 2538; x_wconf 83' lang='lat'>,</span> <span class='ocrx_word' id='word_1_277' title='bbox 638 2489 709 2539; x_wconf 85' lang='lat' dir='ltr'><strong>qui</strong></span> <span class='ocrx_word' id='word_1_278' title='bbox 736 2495 901 2526; x_wconf 82' lang='lat' dir='ltr'><strong>tantum</strong></span> <span class='ocrx_word' id='word_1_279' title='bbox 929 2485 971 2524; x_wconf 91' lang='lat' dir='ltr'><strong>in</strong></span> <span class='ocrx_word' id='word_1_280' title='bbox 993 2485 1119 2524; x_wconf 85' lang='lat' dir='ltr'><strong>chelis</strong></span> <span class='ocrx_word' id='word_1_281' title='bbox 1139 2486 1264 2524; x_wconf 80' lang='lat' dir='ltr'><strong>robur</strong></span> <span class='ocrx_word' id='word_1_282' title='bbox 1283 2485 1458 2531; x_wconf 78' lang='lat' dir='ltr'><strong>habent,</strong></span> <span class='ocrx_word' id='word_1_283' title='bbox 1487 2494 1536 2523; x_wconf 85' lang='lat' dir='ltr'><strong>ut</strong></span> <span class='ocrx_word' id='word_1_284' title='bbox 1556 2483 1762 2523; x_wconf 62' lang='lat' dir='ltr'><strong>vivamus</strong></span> <span class='ocrx_word' id='word_1_285' title='bbox 1783 2494 1948 2531; x_wconf 73' lang='lat' dir='ltr'><strong>capram</strong></span> <span class='ocrx_word' id='word_1_286' title='bbox 1971 2483 2096 2522; x_wconf 72' lang='lat' dir='ltr'><strong>humo</strong></span> 
     </span>
    </p>
   </div>
   <div class='ocr_carea' id='block_1_7' title="bbox 436 2536 1701 2594">
    <p class='ocr_par' dir='ltr' id='par_1_9' title="bbox 436 2536 1701 2594">
     <span class='ocr_line' id='line_1_33' title="bbox 436 2536 1701 2594; baseline -0.002 -7"><span class='ocrx_word' id='word_1_287' title='bbox 436 2548 479 2588; x_wconf 79' lang='lat' dir='ltr'><strong>in</strong></span> <span class='ocrx_word' id='word_1_288' title='bbox 510 2549 677 2590; x_wconf 74' lang='lat' dir='ltr'><strong>sublime</strong></span> <span class='ocrx_word' id='word_1_289' title='bbox 705 2547 850 2588; x_wconf 76' lang='lat' dir='ltr'><strong>tollere</strong></span> <span class='ocrx_word' id='word_1_290' title='bbox 877 2547 1058 2590; x_wconf 76' lang='lat' dir='ltr'><strong>valeant.</strong></span> <span class='ocrx_word' id='word_1_291' title='bbox 1114 2546 1316 2594; x_wconf 64' lang='lat' dir='ltr'><strong>Amboinsb</strong></span> <span class='ocrx_word' id='word_1_292' title='bbox 1341 2547 1557 2587; x_wconf 75' lang='lat' dir='ltr'><strong>Raritet‘tk&#39;.</strong></span> <span class='ocrx_word' id='word_1_293' title='bbox 1576 2536 1649 2594; x_wconf 39' lang='lat' dir='ltr'><strong>soli</strong></span> <span class='ocrx_word' id='word_1_294' title='bbox 1664 2558 1701 2593; x_wconf 87' lang='lat'><strong>7.</strong></span> 
     </span>
    </p>
   </div>
  </div>
 </body>
</html>
