2262 3182
496 215 1367 264 SUBSECIVA.
1715 231 1803 278 ²35·

140 359 187 394 τα
232 341 484 398 decem&
526 344 687 390 Lucio·
696 354 827 404 perca
882 343 938 390 ad
991 344 1147 405 viginti
1202 344 1337 389 millia
1391 339 1664 404 squam-arum-
1729 344 1808 391 ha·

144 421 259 466 bene
1846 424 1851 431 '

202 494 390 539 Tenerse
424 493 609 552 piscium
646 494 765 539 carni
800 493 855 538 ab
890 490 1054 538 ictibus
1087 489 1132 536 &
1168 490 1421 538 laesionibus
1460 490 1635 536 tuendae
1670 491 1806 536 infer·

135 569 260 612 viuut
286 603 297 623 ,
335 581 496 626 atque,
532 584 587 614 ne
622 581 834 627 perpetua
869 569 914 612 in
950 581 1062 625 aqua
1096 567 1426 620 maceratione,
1461 563 1642 610 flaccida
1676 566 1807 612 nimis

137 643 377 701 mollisque
411 643 567 689 eadem
600 643 832 698 reddatur,
871 642 1128 700 prohibent.

196 706 787 764 Laeuwcuuofiizius
835 717 981 778 (0),v
1006 717 1132 775 quod
1166 714 1218 763 δε
1252 715 1300 761 iu
1332 712 1534 760 con'fess'o
1568 711 1676 757 mihi
1710 714 1808 770 est,

138 790 337 849 squamas
375 807 466 838 non
514 793 698 844 eodem,
737 805 830 850 quo
860 791 1197 851 quadrupedum
1232 790 1312 851 pili
1345 788 1396 837 δε
1431 789 1580 836 avium
1613 786 1806 847 plumae,

137 867 379 922 quotannis
420 866 557 917 modo
599 867 818 911 immutari
843 897 858 918 ‚
906 864 980 910 sed
1024 880 1188 912 novam
1232 877 1422 923 eamque
1477 862 1809 919 tenuiffimam,

135 940 275 998 priori
309 938 575 994 increscere,
621 938 754 997 seque
792 940 1139 998 quaquaversum
1174 940 1304 1000 super
1336 954 1440 987 oras
1470 941 1630 987 veteris
1682 938 1803 1000 squa-

136 1024 223 1057 mae
255 1012 520 1067 extendere,
553 1026 638 1072 pro
661 1015 939 1058 incremento
971 1013 1130 1073 piscis,
1164 1014 1401 1059 existimat:
1431 1011 1603 1060 Eadem
1626 1013 1718 1059 sere
1740 1027 1810 1060 ra·

135 1087 286 1140 tione,
321 1100 408 1144 qua
443 1087 650 1140 arborum
684 1087 856 1149 liguum
888 1090 1130 1147 quotannis
1152 1100 1341 1151 augetur
1370 1085 1421 1135 δι
1449 1087 1688 1141 craffescit‚
1724 1102 1809 1134 no·

133 1173 194 1206 vo
234 1162 396 1208 cortici
441 1161 614 1223 adjecto
659 1161 867 1207 circulo:
924 1160 976 1209 δε
1019 1161 1401 1222 quemadmodum
1454 1176 1482 1208 e
1533 1162 1806 1208 circulorum

135 1250 340 1284 truncum
374 1238 736 1291 constituentium
772 1251 962 1285 numero
984 1271 999 1292 ‚
1041 1232 1215 1284 arboris
1236 1252 1340 1284 aetas
1362 1237 1616 1300 colligitur:
1652 1237 1709 1284 fic
1742 1237 1806 1284 la·

128 1311 357 1358 mellarum
382 1346 396 1368 ‚
440 1311 559 1359 unde
594 1313 779 1374 squam-:e
823 1313 1026 1361 constant
1049 1348 1065 1371 ‚
1115 1327 1349 1361 numerum
1383 1313 1514 1376 piscis
1541 1314 1676 1360 etiam
1701 1326 1807 1360 aeta·

133 1396 222 1432 tem
257 1387 390 1432 nobis
431 1387 639 1434 indicare,
709 1388 897 1447 Aliquot
929 1387 1009 1434 Vir
1050 1387 1128 1433 ille
1160 1401 1346 1450 magnus
1381 1389 1573 1450 ingentis
1605 1387 1798 1448 Carpio-

130 1461 204 1507 nis
235 1462 429 1521 (quippe
461 1461 585 1521 cujus
619 1462 858 1525 longitudo
892 1468 1010 1523 μὲ,
1053 1464 1264 1509 circuitus
1299 1463 1384 1524 33}
1421 1461 1639 1522 pollicum
1675 1461 1800 1514 Rhe·

128 1536 468 1584 nolandicorum
510 1541 640 1599 erat)
688 1539 885 1597 squamas
957 1539 1110 1584 thaleri
1154 1541 1250 1584 iere
1295 1539 1649 1600 magnitudinem
1686 1539 1800 1586 adae·

128 1627 340 1672 quantes,
375 1628 487 1672 aqua
520 1614 660 1660 calida
694 1627 934 1661 maceratas
946 1649 963 1672 ,
1002 1614 1245 1662 transverse
1277 1613 1540 1667 dissecabat,
1575 1613 1623 1661 &
1645 1630 1672 1662 a
1692 1629 1796 1663 cen-

128 1688 226 1736 ttali
260 1702 400 1746 eaque
433 1689 672 1750 perexigua
707 1688 930 1745 iucipiens
954 1686 1157 1745 squama,
1188 1688 1495 1750 quadraginta
1517 1689 1561 1733 in
1585 1701 1636 1734 ea
1657 1688 1798 1734 lamu-

123 1765 186 1812 las
222 1763 305 1808 five
339 1763 583 1821 squamulas
608 1800 621 1818 ‚
669 1762 997 1824 conglutinatas
1036 1762 1154 1819 quasi
1179 1795 1194 1815 ‚
1238 1764 1540 1822 microscopio
1573 1763 1654 1810 suo
1693 1775 1797 1809 cum

121 1835 319 1884 dilucide
377 1833 641 1882 discrevisset
663 1866 679 1890 ,
741 1833 910 1896 piscem
979 1835 1377 1899 quadragenarium
1431 1836 1556 1885 suiffe
1612 1839 1799 1886 conclue

127 1911 274 1958 debat.

182 1986 319 2034 Piscis
355 1987 501 2032 omnis
535 1983 814 2044 squamosus..
866 1985 1049 2048 glutinis
1085 1987 1274 2047 quadam
1302 1987 1448 2049 specie
1470 1990 1609 2052 magis
1630 1990 1798 2037 minus·

122 2081 178 2117 ve
209 2064 352 2112 tectus
386 2062 471 2118 est,
509 2060 585 2106 sub
621 2074 713 2120 quo
737 2059 995 2107 membrana
1009 2093 1036 2116 ,μ
1058 2074 1204 2108 totum
1225 2064 1357 2122 piscis
1377 2078 1544 2123 corpus
1564 2066 1794 2118 ambienS,

121 2140 410 2199 squamasque
458 2136 697 2182 inmediate
729 2134 1002 2195 subjacentes
1041 2135 1120 2181 suo
1152 2137 1199 2183 in
1230 2135 1336 2182 loco
1358 2135 1649 2191 conservans,
1682 2149 1797 2182 con-

122 2216 270 2262 stituta
304 2212 390 2259 est:
434 2212 491 2256 ita
529 2224 576 2256 ut
608 2209 769 2265 Piscis,
804 2207 882 2255 nifi
917 2222 1097 2255 externa
1133 2209 1316 2255 accedat
1347 2212 1441 2266 vis,
1477 2210 1677 2256 amittere
1711 2209 1793 2254 has

119 2290 348 2349 squatum,
391 2298 466 2331 aut
495 2285 735 2343 quotannis
770 2296 1044 2331 commutare
1078 2297 1285 2344 nequeat.
1353 2284 1526 2350 Quodsi
1552 2284 1651 2331 casu
1674 2295 1788 2343 quo·

115 2364 217 2411 dam
253 2361 449 2422 squamas
500 2358 671 2420 aliquot
703 2360 901 2417 amittat,
933 2357 1030 2407 aliae
1064 2357 1248 2420 quidem
1278 2359 1325 2410 in
1359 2355 1603 2409 amiss'arum
1635 2356 1791 2476 1⁰}um

1714 2439 1789 2476 uc·

168 2571 259 2629 (ο)
290 2570 470 2624 septima
494 2552 694 2625 epistolar.
723 2568 882 2614 contin·
911 2580 962 2611 aa
991 2570 1097 2623 Mey
1130 2569 1246 2622 1726,

959 2639 1070 2706 Rs
