2262 3182
639 210 1518 275 sUBsEcrvA.
1856 248 1911 296 31

292 348 404 394 Aliae
449 344 619 405 species
662 344 942 406 Polyporum
967 382 982 404 ‚
1039 349 1268 410 praecipue
1314 350 1495 400 cellulas
1538 358 1915 423 inhabitantium,

226 425 386 485 quibus
420 438 613 485 corpora
649 424 814 469 marina
849 425 1088 471 investiunt
1112 458 1127 477 ‚
1174 441 1257 474 ova
1292 441 1465 487 ponere
1497 434 1732 496 videntur,
1776 456 1917 490 mem-

225 502 374 549 branae
411 503 562 557 tenui,
599 500 736 556 albae,
785 499 966 548 viscosae
1012 499 1165 546 fimilia
1189 536 1203 556 ‚
1248 504 1313 548 uti
1349 501 1483 550 semel
1519 511 1749 559 manifesto
1786 518 1875 563 vidi
1897 551 1913 574 ‚

221 578 350 640 super
384 577 589 625 Cochlea
623 576 806 639 majori,
843 591 945 636 quae
979 576 1086 623 licet
1118 577 1391 626 habitaretur
1423 596 1448 627 a
1485 582 1732 645 Cancello,
1774 593 1915 639 nihilo

218 660 368 704 minus
398 658 444 703 in
480 655 713 716 superficie
737 656 920 717 gerebat
946 668 1029 701 ova
1051 671 1106 712 a,
1142 668 1342 702 maturos
1364 657 1517 720 faetus,
1557 659 1603 709 ὅ(
1628 675 1806 714 teneros
1829 670 1951 733 P0-a
1970 693 2066 734 Tab.

213 736 376 797 lypos,
412 732 680 779 diversarum
713 730 1088 794 magnitudinum.
1923 747 1977 786 111
1995 743 2103 796 fig.5.

281 810 447 858 Omnia
482 809 760 868 Polyporum
798 808 930 855 ovula
952 843 967 865 ‚
1014 807 1320 871 cujuscunque
1355 814 1531 873 generis
1564 815 1916 873 observaverim,

211 889 388 949 semper
420 886 528 933 mihi
563 899 864 946 apparuerunt
897 885 1108 943 discreta,
1147 900 1204 932 ex
1243 885 1447 946 quolibet
1471 901 1590 946 ovo,
1627 903 1798 938 tantum
1822 909 1917 941 uno

211 966 466 1028 prodeunte
502 962 715 1023 Polypo:
763 964 838 1010 secl
876 966 921 1010 in
958 963 1160 1019 Ovariis‚
1208 978 1309 1023 quae
1344 962 1471 1009 Nob.
1506 962 1687 1013 ELLrs
1723 968 1918 1017 delinea-

205 1045 298 1099 vit,
335 1044 452 1089 varia
488 1043 661 1088 inerant
697 1040 994 1097 animalcula3
1030 1041 1136 1088 ideo
1170 1041 1339 1101 opinor
1369 1039 1467 1086 haec
1503 1040 1591 1088 esse
1616 1041 1781 1093 Ovaria
1805 1046 1915 1093 alio-

207 1133 307 1166 rum
346 1116 623 1164 Insectorum
654 1117 958 1175 marinorum,
996 1115 1043 1166 &
1078 1117 1261 1179 quidem
1298 1116 1445 1178 qualia
1480 1118 1700 1168 delineavi
1733 1123 1780 1170 in
1802 1123 1915 1171 Tab.

207 1193 274 1244 V.
310 1194 336 1240 fi
374 1229 385 1239 .
421 1208 468 1254 7.

271 1268 321 1315 Si
341 1208 516 1328 {Olym
550 1269 632 1315 fint
666 1269 958 1327 animalcula,
1006 1286 1108 1331 quae
1140 1270 1314 1330 semper
1350 1270 1396 1315 in
1432 1268 1593 1316 eodem
1631 1284 1814 1319 manent
1847 1272 1915 1320 lo-

206 1359 296 1400 co,
352 1343 500 1390 mistio
536 1345 691 1392 locum
725 1346 891 1393 habere
928 1350 1121 1408 nequit:
1166 1348 1241 1394 sed
1276 1345 1468 1406 majores
1502 1346 1780 1406 Polyporum
1816 1349 1913 1409 spe-

172 1423 323 1477 .⁴,cies‚
362 1435 464 1481 quae
500 1420 655 1468 liberae
677 1437 761 1481 per
786 1439 907 1470 mare
933 1439 1171 1488 vagantur,
1225 1423 1365 1471 veluti
1387 1437 1521 1483 caput
1546 1424 1779 1483 Medusae‚
1817 1439 1915 1471 mu-

206 1509 282 1544 tua
317 1497 483 1556 copula
517 1511 770 1560 propagant
804 1498 1010 1545 sobolem
1037 1534 1052 1557 ,
1102 1500 1255 1545 saltem
1287 1497 1387 1545 haec
1414 1499 1620 1545 animalia
1641 1512 1801 1547 mutuo
1824 1514 1914 1547 am-

205 1571 342 1631 plexu
365 1571 633 1633 conjuncta,
670 1575 853 1621 inventa
884 1576 983 1620 sunt
1013 1575 1040 1636 ζ
1051 1576 1133 1640 g).

361 1699 472 1767 De
519 1698 874 1765 Nonnullis
921 1698 1072 1766 aliis
1119 1699 1386 1792 Infhffis
1434 1704 1745 1771 Marinis.

269 1853 468 1918 Quando
506 1868 714 1918 magnam
749 1853 1027 1902 Corallinam
1061 1855 1132 1903 vel
1171 1855 1442 1903 sertulariam
1480 1871 1684 1905 recenter
1717 1875 1771 1907 ex
1802 1865 1911 1910 mari

203 1933 465 1984 extractam,
513 1933 558 1978 in
595 1931 895 1978 Porcellaneo
932 1933 1075 1987 orbe,
1113 1947 1216 1978 cum
1249 1933 1440 1992 quadam
1473 1947 1603 1992 aquae
1627 1937 1810 1984 marinae
1834 1953 1913 1984 co-

199 2008 301 2055 latae
345 2009 477 2070 copia
511 2010 724 2069 ponimus
758 2043 772 2065 ‚
831 2007 1084 2067 fundusque
1130 2011 1255 2055 orbis
1301 2009 1437 2054 fuerit
1469 2010 1695 2068 profunde
1731 2015 1912 2062 caerulei

202 2084 368 2131 coloris
391 2124 401 2142 ‚
450 2087 609 2133 ramuli
639 2088 958 2148 explicentur,
1006 2084 1057 2132 <Sc
1092 2085 1394 2145 microscopio
1419 2084 1702 2144 spectentur,
1740 2090 1913 2153 integra

203 2159 304 2206 filva
339 2161 425 2208 effe
461 2164 663 2221 videtur,
700 2166 744 2212 in
780 2178 866 2223 qua
902 2175 1062 2222 praeter
1098 2163 1379 2223 quiescentes
1413 2161 1614 2223 Polypos
1656 2164 1794 2210 multa
1830 2165 1914 2212 dif-

201 2235 440 2284 ferentium
474 2239 721 2298 specierum
756 2240 855 2286 sunt
890 2238 1069 2285 insec'ta.

268 2314 359 2360 Sed
397 2329 635 2375 antequam
674 2317 728 2362 ad
764 2331 923 2362 eorum
950 2316 1301 2377 descriptionem
1326 2330 1541 2380 pergam,
1577 2319 1621 2363 in
1646 2317 1920 2366 antecessum

198 2389 397 2443 notabo,
435 2391 618 2452 exiguas
656 2391 860 2437 lucentes
885 2391 1125 2448 scintillas,
1166 2407 1275 2451 quas
1308 2393 1510 2452 inprimis
1533 2392 1678 2438 aestate
1703 2392 1753 2442 &
1778 2394 1915 2440 flante

197 2463 334 2511 Euro
364 2465 489 2527 (i),
524 2466 840 2513 innumerabili
875 2469 1008 2527 copia
1042 2469 1088 2513 in
1124 2466 1359 2527 superficie
1393 2481 1531 2513 motae
1556 2465 1762 2527 elisaeque
1789 2485 1914 2529 aquae

1738 2558 1916 2592 marmae

245 2645 333 2698 (g)
361 2645 562 2685 Autoritate
592 2646 739 2687 illustris
769 2646 991 2701 Philosophi
1023 2649 1178 2689 Sromnz
1206 2649 1244 2686 in
1283 2647 1472 2688 elaborato
1515 2661 1627 2702 opere
1658 2652 1914 2702 Zelfi-kennis

194 2719 283 2760 Pag·
319 2717 406 2756 243·

238 2766 318 2819 (i)
348 2767 470 2818 Prope
505 2767 638 2810 insulas
668 2773 923 2821 promontorii
958 2773 1091 2814 viridis
1113 2802 1124 2823 ‚
1166 2786 1268 2814 tanto
1296 2773 1482 2814 interdum
1525 2774 1609 2816 sunt
1637 2790 1794 2817 numero
1813 2803 1824 2820 ,
1867 2787 1905 2815 ut

1728 2850 1909 2878 maritimi
