2262 3182
391 155 451 201 ¹⁶
830 148 1632 200 OPUchLA

388 281 603 343 quicquid
637 279 771 325 ullam
805 279 938 326 habet
970 280 1177 327 duritiem
1214 283 1259 327 in
1288 284 1427 328 veteri
1455 282 1675 342 relinquat
1700 281 1847 329 crusta
1871 312 1884 334 ‚
1919 277 2057 337 idque

386 359 548 403 iterum
573 370 739 401 novum
763 370 1002 416 recuperet
1025 391 1040 412 ‚
1074 358 1192 418 ipsos
1227 361 1357 404 etiam
1382 359 1498 418 pilos
1522 360 1566 403 in
1592 358 1730 404 cauda
1751 392 1766 412 ‚
1799 358 1988 403 brachiis
2011 356 2056 404 &

384 432 576 493 pedibus
601 442 616 486 3
662 445 764 476 cum
788 432 1025 492 Serpentes
1049 434 1220 492 aliaque
1245 434 1446 479 animalia
1473 467 1487 490 ‚
1525 449 1622 493 quae
1648 435 1884 493 quotannis
1909 447 2057 480 entem

382 522 551 554 mutant
574 542 589 564 ‚
624 511 832 556 omnibus
864 512 1066 574 partibus
1091 512 1214 556 duris
1240 513 1424 557 retentis
1450 544 1464 566 ,
1501 510 1684 556 mollem
1711 524 1881 556 tantum
1906 523 2056 557 cutem

381 580 624 642 deponant.
1759 627 1779 638 ,s

456 659 612 705 Altera
645 661 835 704 maxime
868 658 1065 703 miranda
1098 659 1359 706 Astacorum
1393 660 1640 720 proprietas
1672 658 1732 703 est
1756 692 1769 713 ‚
1815 658 1936 717 quod
1970 673 2057 706 una

380 732 573 785 alterave
610 732 837 778 Chelarum
872 731 942 776 vel
975 732 1142 792 pedum
1178 748 1291 778 unus
1329 748 1402 779 aut
1435 735 1550 779 alter
1583 735 1796 792 abruptus
1829 732 1899 777 vel
1937 747 2055 779 trun-

379 819 503 852 catus
528 838 541 860 ,
577 806 690 850 intra
737 820 907 851 certum
946 820 1122 868 tempus
1145 810 1394 855 adnascitur
1417 845 1432 864 ‚
1469 810 1513 856 δι
1546 811 1724 869 quidem
1759 808 1811 853 ad
1834 808 2053 868 magnitu-

379 881 528 927 dinem
574 881 712 937 priori
757 880 986 939 aequalem.
1069 882 1210 945 Quod
1254 897 1427 945 teinpus
1469 886 1650 931 brevius
1683 884 1922 944 longiusve
1955 880 2014 925 est
2040 917 2054 938 ‚

380 969 466 1015 pro
513 953 780 1012 tempestatis
827 954 977 1001 calore
1022 958 1093 1003 vel
1138 959 1344 1021 frigore,
1390 977 1475 1021 pro
1521 961 1683 1020 majore
1715 961 1946 1004 minoreve
1979 957 2058 1001 ali-

381 1031 520 1075 menti
555 1034 687 1089 copia
712 1063 726 1083 .,
763 1027 808 1074 &
843 1044 927 1089 pro
963 1031 1091 1088 loci,
1124 1048 1215 1092 quo
1250 1035 1377 1080 chela
1410 1036 1542 1081 fracta
1576 1036 1635 1080 est
1660 1068 1673 1089 ‚
1709 1035 1894 1079 ratione.
1962 1031 2076 1077 Ce-.

381 1102 559 1149 lerrime
599 1105 716 1147 enim
756 1104 968 1149 accrescit
997 1139 1010 1158 ‚
1046 1107 1074 1149 fi
1111 1108 1206 1151 haec
1230 1109 1414 1152 fractura
1436 1112 1479 1153 in
1506 1110 1704 1154 secundo
1733 1108 1872 1153 chelae
1895 1108 2055 1151 articu-

386 1178 433 1222 lo
467 1181 717 1237 contingat.
786 1176 981 1220 Secundi
1013 1177 1138 1236 hujus
1173 1179 1345 1223 articuli
1383 1180 1522 1224 crusta
1547 1195 1572 1224 e
1595 1181 1772 1225 diversis
1809 1180 1924 1237 quafi
1953 1195 2053 1239 parf

392 1251 538 1297 ticulis
574 1251 742 1296 constat
779 1250 1000 1311 (fractura
1034 1252 1153 1295 enim
1187 1266 1278 1297 non
1301 1254 1344 1295 in
1369 1253 1464 1309 ipso
1486 1253 1667 1311 proprie
1689 1252 1877 1297 articulo
1899 1251 2052 1299 secun-

391 1327 452 1370 do
487 1326 712 1385 contingit
735 1358 747 1377 ‚
784 1323 857 1368 sed
880 1326 923 1368 in
948 1323 1088 1369 crusta
1110 1324 1352 1370 secundum
1376 1327 1493 1371 inter
1514 1323 1559 1371 &
1584 1326 1760 1370 tertium
1781 1326 2055 1388 articulum)

390 1412 488 1457 quae
535 1397 672 1442 veluti
707 1397 864 1442 suturis
893 1397 1143 1460 junguntur
1174 1433 1188 1456 ‚
1230 1397 1275 1445 ὃς
1309 1402 1354 1445 in
1390 1415 1574 1460 quarum
1608 1401 1698 1446 unzi
1735 1400 1919 1446 fractura
1952 1417 2056 1449 eve-

383 1475 464 1520 nit.

466 1549 639 1611 Quodsi
680 1549 865 1597 confilio
908 1549 1079 1595 chelam
1112 1552 1224 1598 infra
1257 1552 1499 1600 secundum
1534 1554 1656 1601 hunc
1686 1555 1861 1617 frangas
1894 1553 2054 1598 articu-

389 1626 480 1671 lum
506 1658 521 1678 ,
556 1624 633 1672 illa,
663 1622 844 1682 quidem
876 1621 929 1666 ad
964 1622 1185 1681 pristinam
1222 1623 1443 1668 accrescet
1477 1624 1825 1684 magnitudinem
1851 1658 1864 1680 ‚
1899 1637 2053 1670 verum

387 1717 479 1749 non
517 1714 603 1746 tam
641 1699 800 1744 subito.
869 1699 930 1742 At
962 1696 990 1741 si
1016 1697 1189 1743 chelam
1213 1698 1412 1758 superuis
1434 1698 1608 1760 frangas
1633 1713 1705 1745 aut
1727 1701 1860 1745 laedas
1886 1733 1899 1754 ‚
1933 1699 2054 1744 Asta-

387 1795 464 1826 cus
490 1813 504 1832 .,
539 1775 655 1835 quast
691 1773 862 1818 chelam
896 1774 939 1817 in
975 1773 1174 1817 secundo
1207 1773 1396 1820 articulo
1431 1775 1545 1819 citus
1578 1789 1707 1832 quam
1740 1776 1826 1820 alio
1851 1775 1956 1820 loco
1980 1788 2053 1818 ac-

388 1844 589 1891 crescere
624 1839 752 1883 sciret
776 1870 791 1892 9
826 1835 916 1896 ipse
939 1870 952 1892 ν
988 1838 1189 1898 ingenita
1221 1837 1430 1884 facultate
1452 1872 1466 1895 ‚
1501 1839 1686 1884 eandem
1721 1840 1776 1884 ad
1811 1838 2052 1884 secundum

388 1917 625 1968 articulum
661 1913 893 1971 abrumpet
928 1923 1002 1955 aut
1037 1910 1225 1969 abjiciet.

464 1994 658 2056 Quoties
685 2023 699 2044 ,
735 1987 845 2046 quid
877 1984 1064 2042 abrupta
1102 1983 1176 2027 tali
1197 1982 1323 2027 chela
1347 1985 1581 2045 contingat
1610 2018 1624 2038 ‚
1658 1997 1825 2032 attente
1853 1986 2053 2033 confide,

389 2085 458 2120 res
486 2103 502 2126 ‚
537 2066 713 2113 duobus
750 2061 944 2106 tribusve
979 2058 1136 2104 diebus
1170 2059 1405 2117 interjectis
1428 2093 1443 2115 ,
1478 2059 1621 2104 aestate
1655 2063 1880 2120 praecipue
1905 2096 1919 2118 ‚
1953 2063 2051 2124 glo.

388 2145 538 2194 bosam
574 2176 588 2196 ‚
633 2137 851 2185 cacumini
887 2133 1063 2195 digituli
1097 2131 1275 2177 infantis
1312 2131 1428 2176 haud
1464 2131 1704 2178 obfimilem
1738 2168 1752 2190 ‚
1799 2136 2054 2182 membrana⁸

392 2216 526 2268 craffti
559 2209 769 2260 subrubra
804 2207 1030 2266 vestitam,
1066 2203 1249 2265 prodire
1283 2202 1455 2248 videbis
1488 2206 1882 2251 extuberationem.
1951 2206 2055 2254 Post

394 2297 565 2354 aliquot
599 2288 693 2333 dies
715 2319 729 2338 7
762 2281 965 2343 apiculus
1000 2280 1117 2337 quafi
1150 2279 1255 2325 inde
1287 2277 1500 2324 excrescit
1525 2314 1540 2335 ‚
1576 2282 1651 2339 qui
1687 2280 1836 2325 senfim
1871 2280 2054 2344 longim-

395 2367 543 2417 evadit
566 2400 580 2420 ‚
614 2365 674 2408 ita
695 2373 744 2405 ut
765 2360 879 2403 intra
901 2355 1092 2400 duorum
1116 2355 1305 2397 tritnnve
1328 2352 1705 2400 hebdomadarum
1729 2354 1913 2413 spatium
1937 2392 1949 2412 ,
1987 2357 2052 2402 di-

398 2444 580 2489 midium
616 2437 793 2482 circiter
827 2430 1038 2493 pollicem
1074 2428 1355 2489 longitudine
1391 2431 1672 2489 aequiparet3
1708 2431 1887 2489 quando
1917 2445 2054 2477 mem-

400 2519 545 2565 branae
580 2512 777 2573 ejtisdem
811 2506 941 2554 color
975 2518 1128 2567 parum
1162 2502 1415 2566 expallescit
1438 2537 1454 2561 ,
1488 2503 1532 2551 &
1566 2505 1660 2552 haec
1693 2505 1930 2552 caruncula
1963 2521 2055 2552 cat.-

1989 2596 2055 2628 nis
