2262 3182
564 179 1445 232 SUBSECIVA.
1787 210 1844 255 25

165 324 270 356 men
308 320 559 355 exeuntem.
629 311 761 356 Binas
793 323 940 369 partes
962 310 1180 372 genitales
1203 313 1352 357 viriles
1381 346 1394 367 ‚
1433 310 1477 358 ὃ(
1503 312 1611 362 duas
1624 331 1837 377 praeterea

169 385 272 430 alias
296 417 310 439 ,
347 397 529 442 quarum
564 385 688 430 usum
711 387 875 444 ignoro
901 415 915 437 ‚
951 388 1111 444 operit.
1176 385 1263 431 Sed
1299 388 1480 434 subhac
1504 391 1641 437 cauda
1664 427 1677 449 ,
1713 398 1836 455 quod

166 460 382 522 singulare
425 459 485 503 est
512 492 525 514 ‚
575 459 685 504 nulli
719 459 815 503 sunt
848 459 987 518 pedes
1019 464 1258 517 miratorii,
1311 463 1463 521 quales
1494 467 1537 510 in
1572 467 1830 520 Astacorum

165 536 357 580 maribus
373 567 386 589 ‚
420 532 587 591 squillis
609 533 794 591 aliisque
817 535 1099 592 reperiuntur
1123 568 1136 590 ‚
1171 536 1230 580 ita
1254 549 1302 581 ut
1324 537 1368 581 hi
1396 537 1560 585 Cancri
1585 557 1730 591 natare
1754 562 1831 593 ne..

166 620 330 666 queant
355 640 370 663 ,
409 606 480 649 sed
516 606 687 665 semper
708 606 828 650 humi
858 620 1013 665 repere
1037 622 1271 669 cogantur.

227 680 543 726 Foemellarum
569 680 708 725 cauda
730 679 801 725 sex
822 681 1030 726 incisuras
1054 681 1186 727 habet
1203 716 1216 736 ‚
1253 687 1436 731 marium
1461 687 1590 735 latior
1613 689 1658 737 ὃς
1681 692 1826 752 super-
1859 701 1956 743 Tab.
1984 705 2035 747 ll.

163 769 221 799 ne
256 753 490 799 rotundior
523 753 582 797 est
607 786 621 808 ‚
657 753 711 797 ad
744 754 965 813 margines
997 753 1098 813 pilis
1132 755 1281 801 obfita.
1349 758 1481 804 Binas
1509 776 1733 822 aperturas
1753 782 1828 828 ge·
1855 756 2038 805 fig.Vlll.

163 826 319 872 nitales
353 825 594 870 muliebres
629 825 818 886 obtegit.
889 823 949 870 Et
972 825 1026 870 ad
1050 825 1163 872 latus
1188 830 1373 875 interius
1398 865 1411 886 ,
1448 846 1641 890 quatuor
1662 837 1828 892 pedum
1855 806 1898 845 B'

161 903 478 947 natatoriorum
512 933 528 955 ‚
572 901 647 957 qui
683 899 908 958 praecipue
943 899 1133 946 femellae
1166 902 1313 949 ovulis
1348 906 1590 951 retinendis
1623 906 1832 957 inservire

160 976 403 1030 videntur,
439 974 619 1032 paribus
654 973 857 1017 instructa
893 972 966 1018 est.

221 1047 381 1093 Mense
415 1046 557 1106 Aprili
591 1059 665 1091 aut
702 1047 881 1091 circiter
914 1046 1107 1094 eundem
1131 1049 1299 1096 coe'unt
1323 1051 1486 1097 Cancri
1512 1086 1525 1107 ‚
1562 1053 1744 1113 quando
1769 1056 1837 1103 su-

155 1122 516 1181 perfoemellam
556 1121 800 1177 resupinam
835 1135 924 1164 mas
961 1122 1148 1180 derepit.
1240 1125 1375 1170 Sext-2³.
1418 1125 1512 1171 fere
1553 1126 1836 1174 hebdomade

155 1196 275 1260 post,
297 1197 465 1253 aliquot
489 1193 586 1238 -sub
630 1191 771 1236 cauda
806 1191 1142 1251 conspiciuntur
1178 1209 1262 1241 ova
1283 1229 1297 1252 ‚
1346 1211 1444 1254 quae
1477 1199 1563 1242 albi
1597 1203 1743 1258 primo
1779 1204 1834 1247 ad

154 1270 323 1315 luteum
360 1269 583 1329 vergentis
620 1265 785 1311 coloris
812 1299 826 1321 ‚
870 1267 1020 1325 postea
1057 1283 1166 1315 vero
1194 1304 1208 1325 ,
1257 1272 1483 1318 crescente
1520 1278 1673 1322 ovario
1696 1309 1710 1335 ,
1758 1291 1829 1322 ru·
1858 1309 1930 1360 Fig-
1970 1309 2019 1348 W

152 1341 231 1386 bra
273 1354 349 1387 aut
389 1340 583 1385 aurantia
617 1338 812 1383 evadunt
857 1340 977 1402 (d).
1069 1341 1191 1400 Julio
1237 1342 1282 1388 &
1318 1345 1520 1405 Augusto
1549 1347 1633 1405 jam
1669 1363 1833 1397 recens
1934 1340 1941 1349 ’
2029 1339 2037 1348 ’

152 1426 281 1459 natos
332 1412 561 1458 cancellos
591 1444 606 1467 ‚
661 1413 706 1456 in
749 1411 973 1458 littoribus
1020 1428 1268 1475 eorumque
1311 1416 1531 1476 lapidibus
1577 1434 1785 1481 repentes
1814 1458 1829 1479 ‚

151 1487 412 1547 conspicere
447 1486 568 1531 licet.
636 1483 774 1530 Partu
809 1485 932 1531 edito
957 1518 972 1541 ,
1007 1485 1171 1531 Cancri
1203 1487 1400 1532 seniores
1425 1489 1610 1536 crustam
1635 1492 1825 1552 abjicere

148 1561 384 1620 incipiunt.

211 1632 329 1678 Lm
346 1645 640 1678 UWENHOE
658 1644 821 1689 mus,
855 1632 930 1688 qui
953 1631 1232 1678 Cancrorum
1257 1637 1504 1682 numeravit
1526 1651 1639 1694 ova,
1669 1653 1825 1686 eorum

143 1723 377 1755 numerum
411 1708 466 1752 ad
498 1708 634 1751 vicies
672 1718 861 1753 centena
895 1705 1030 1750 millia
1065 1706 1285 1767 assurgere
1321 1708 1463 1754 asserit
1501 1711 1605 1774 (e).

204 1781 369 1826 Cancri
404 1793 529 1838 aeque
565 1793 616 1824 ac
651 1778 794 1823 Astaci
819 1811 832 1834 ‚
870 1779 1083 1838 quicquid
1117 1781 1160 1826 se
1192 1781 1464 1839 illis'offert‚
1498 1799 1581 1844 pro
1605 1785 1817 1848 alimento

140 1867 324 1899 utuntur
352 1887 366 1908 ,
401 1855 669 1912 easdemque
704 1852 868 1899 habent
887 1857 1184 1916 proprietates
1208 1892 1223 1915 ‚
1257 1857 1395 1904 veluti
1421 1860 1602 1905 crustam
1629 1874 1818 1920 quotan-

140 1930 210 1972 nis
245 1926 548 1971 commutandi
575 1959 588 1980 ‚
623 1923 771 1968 chelas
808 1922 852 1969 ἅ
883 1926 1024 1984 pedes
1046 1927 1171 1974 laesos
1194 1961 1208 1984 ‚
1244 1931 1320 1988 qui
1344 1931 1475 1976 etiam
1500 1932 1660 1976 iterum
1683 1924 1816 1979 adna-

138 2004 350 2055 scuntur,
385 1999 614 2059 rejiciendi
647 1997 903 2043 facultatem
939 1997 985 2044 ὃς
1022 2000 1139 2047 alias.

195 2076 361 2121 Cancri
393 2074 519 2132 hujus
549 2071 757 2119 littoralis
792 2071 1079 2136 descriptioni
1102 2112 1115 2136 ,
1164 2081 1363 2137 quamvis
1393 2078 1497 2127 aIIas
1527 2081 1807 2129 Cancrorum

1639 2156 1803 2202 nostra-

1879 879 1914 917 b.
1941 881 1978 918 b.

1858 947 1903 985 C.
1932 949 1982 987 D.

183 2305 266 2354 (d)
303 2301 501 2342 Credibile
523 2298 576 2339 est
598 2299 670 2337 hos
691 2300 869 2340 Cancros
893 2329 903 2350 ‚
936 2311 982 2342 ut
1001 2311 1096 2343 ante
1117 2305 1166 2342 de
1187 2304 1375 2346 ruricolis
1398 2306 1599 2357 diximus,
1629 2321 1706 2348 ova
1725 2311 1795 2349 sua

124 2366 248 2404 etiam
277 2365 326 2402 ad
348 2363 467 2402 littus
491 2362 528 2400 in
558 2371 682 2400 arena
704 2362 815 2401 fluxa
837 2364 956 2402 edere
981 2392 992 2413 ‚
1023 2366 1119 2415 quia
1139 2366 1274 2406 testate
1294 2369 1450 2418 semper
1471 2366 1535 2409 tot
1558 2370 1729 2409 cancelli
1752 2370 1793 2408 jn

121 2428 262 2466 littore
291 2424 575 2474 reperiuntur.

171 2496 248 2542 (ε)
284 2494 330 2532 In
357 2493 486 2543 primo
515 2493 775 2544 epistolarum
802 2502 917 2537 tomo
945 2493 1109 2546 epistola
1147 2505 1209 2536 10.
1233 2494 1347 2544 Junii
1379 2497 1497 2539 1680.

184 2584 299 2635 Tom.
332 2585 401 2633 II.
1041 2585 1087 2633 D
