2262 3182
625 190 1491 248 SUBSEcrvA.
1849 224 1912 272 37

223 329 364 391 major
395 324 659 388 plerumque
694 329 740 373 in
775 325 897 372 Mari
933 326 1208 373 Germanico
1241 331 1439 387 capitur,
1476 333 1600 394 cujus
1622 337 1819 384 ovarium
1843 341 1911 386 in-
1972 365 2067 404 Tab.

220 405 353 451 serius
375 403 436 448 est
459 405 728 450 delineatum
745 437 758 458 ,
796 406 945 450 minor
969 404 1029 448 est
1052 404 1245 465 vulgaris
1267 406 1477 466 ceditque
1501 413 1679 458 cibatui.
1739 414 2098 467 Utrius-V·fiss·4·

219 493 306 539 que
341 482 488 526 ovaria
525 493 886 542 componuntur,
923 493 971 526 ut
1007 480 1124 536 dixi,
1161 495 1215 525 ex
1248 497 1412 545 magno
1447 486 1728 537 vesicularuin
1752 508 1906 539 nume-

213 572 292 604 ro:
325 559 582 605 membrana
617 560 693 605 has
726 556 935 606 veficulas
970 556 1166 602 formans
1188 555 1249 602 est
1274 557 1463 616 duplex,
1502 559 1553 607 ἃ
1575 576 1699 620 parte
1724 569 1906 614 inferio-

211 651 259 682 re
292 636 464 683 vulvula
499 637 753 692 instruitur,
791 649 892 695 quse
915 634 1027 679 a’e'ris
1053 648 1271 692 aquaeque
1294 637 1476 682 marinae
1498 639 1735 701 ingress'um
1758 658 1904 702 arcet,

210 711 285 758 sed
320 726 421 771 quae
457 714 625 758 exitum
660 713 769 759 faetu
803 724 977 755 maturo
1014 725 1068 755 ex
1105 713 1199 758 ovis
1235 713 1462 760 concedit.

277 787 450 833 Omnes
494 788 620 834 faetus
662 802 755 834 non
790 785 914 830 fimul
948 784 1248 832 excluduntur
1272 823 1286 844 ,
1348 804 1403 834 ex
1437 791 1668 838 nonnullis
1701 796 1901 843 vesiculis

211 864 438 911 Cochleas
471 868 711 927 prognatas
746 863 936 908 vidimus
962 896 976 918 ‚
1022 863 1205 921 quando
1238 865 1281 910 in
1318 865 1414 911 aliis
1448 868 1593 914 adhuc
1615 870 1765 916 multis
1791 887 1902 919 con-

207 941 450 989 cluduntur
484 955 590 988 ova:
625 940 893 1001 plerumque
926 937 1152 986 observavi
1186 953 1243 987 ex
1271 942 1562 990 interioribus
1585 944 1786 994 veficulis
1809 952 1900 1009 pri-

204 1033 297 1066 mas
328 1018 526 1079 prodire.
1805 1067 1807 1072 ,

264 1094 427 1141 Mense
457 1094 631 1155 Aprili,
669 1094 799 1155 Majo
816 1128 829 1150 ,
863 1093 1000 1155 Junio
1031 1092 1129 1140 haec
1154 1092 1316 1141 Ovaria
1341 1094 1501 1155 lapillis
1525 1097 1727 1158 testisque
1749 1098 1896 1147 adhae-

201 1174 341 1217 rentia
366 1206 379 1226 ,
415 1186 579 1235 magno
616 1185 805 1217 numero
841 1172 1089 1230 comparari
1125 1172 1325 1230 possunt:
1372 1175 1554 1232 quando
1591 1175 1817 1222 servantur
1850 1179 1898 1223 In

198 1246 334 1294 Virro
370 1263 472 1294 cum
508 1263 622 1308 aqua
653 1250 820 1295 marina
849 1284 859 1305 ,
904 1263 1006 1307 quae
1038 1248 1107 1293 bis
1140 1250 1342 1308 quotidie
1375 1265 1638 1309 renovatur,
1689 1253 1897 1299 cochleas

196 1325 336 1371 modo
370 1326 606 1373 nascituras
646 1327 846 1372 videmus
870 1361 885 1385 ,
936 1342 1037 1385 quae
1073 1328 1196 1374 brevi
1231 1342 1427 1384 exeunt,
1463 1329 1734 1390 serpuntque
1769 1330 1897 1390 supra

199 1402 412 1449 Ovarium
447 1402 499 1450 <Sc
536 1403 656 1450 Vitri
691 1403 992 1463 superficiem:
1029 1404 1102 1450 sed
1127 1404 1155 1448 fi
1178 1406 1290 1450 intra
1323 1407 1606 1464 quatriduum
1629 1424 1721 1455 non
1744 1408 1898 1455 nasce-

197 1477 386 1537 bantur,
421 1478 541 1539 apud
576 1492 647 1524 me
681 1493 910 1538 nunquam
946 1483 992 1525 in
1035 1480 1182 1525 lucem
1224 1482 1483 1539 prodibant.

259 1556 436 1616 Saepius
471 1556 710 1603 admiratus
744 1556 808 1601 fui
845 1555 1062 1618 ejusmodi
1101 1557 1353 1604 Cochleam
1376 1560 1652 1621 propignere
1678 1559 1892 1607 Ovarium

193 1632 347 1690 poss'e,
382 1637 622 1691 quinquies
657 1635 729 1677 vel
764 1635 903 1675 sexies
926 1634 1133 1688 superans
1159 1634 1277 1680 suam
1302 1635 1685 1697 magnitudinem,
1721 1635 1796 1682 sed
1819 1635 1892 1692 id,

192 1719 410 1766 quantum
440 1707 607 1762 assequi
641 1706 803 1763 potui,
841 1700 1045 1762 sequenti
1082 1705 1130 1750 fit
1164 1707 1320 1753 modo.

247 1779 430 1828 Animal
466 1793 549 1826 ova
584 1777 859 1838 positurum,
897 1778 940 1823 se
973 1779 1110 1838 lapidi
1134 1781 1362 1844 adjungit,
1398 1787 1683 1845 primumque
1705 1788 1892 1850 viginti,

188 1855 480 1918 quadraginta
513 1855 582 1903 vel
619 1856 842 1920 sexaginta
876 1858 1062 1903 enititur
1094 1858 1356 1906 Veficulas:
1406 1862 1559 1922 elapfis
1593 1878 1785 1923 quatuor
1821 1863 1892 1911 vel

192 1934 395 1991 quinque
434 1932 590 1979 diebus
606 1971 617 1990 ‚
656 1934 844 1981 fimilem-
876 1949 1113 1983 numerum
1137 1937 1441 1986 Vesicularum
1458 1941 1581 2001 juxta
1602 1942 1707 1989 alias
1728 1945 1889 2002 ponit,

188 2009 337 2055 donec
372 2011 552 2056 enixum
586 2011 720 2059 fuerit
754 2028 937 2060 omnes:
974 2029 1058 2062 ova
1089 2016 1194 2063 haec·
1224 2017 1324 2064 sunt
1346 2018 1528 2076 mollia,
1563 2020 1814 2082 glutinosa,
1839 2020 1889 2066 fi·

188 2084 265 2144 bi,
302 2085 529 2145 lapidique
567 2089 837 2135 adhaerentia
870 2087 924 2136 δε
956 2090 1108 2149 postea
1142 2106 1380 2156 augentur.

251 2162 356 2209 Hoc
388 2164 525 2212 Anno
564 2168 683 2228 1758
722 2169 1096 2230 propagationem
1132 2172 1326 2234 vulgaris
1353 2170 1478 2219 flavae
1506 2171 1728 2219 Cochleae
1752 2172 1898 2221 forni-

187 2252 297 2285 catae
333 2243 594 2288 examinavi.
631 2240 749 2288 Eum
785 2245 831 2289 in
868 2243 1003 2290 finem
1037 2246 1186 2293 mense
1223 2247 1498 2303 Februario,
1534 2262 1690 2294 eorum
1713 2249 1904 2309 aliquot,

186 2317 318 2374 posui
345 2318 392 2363 in
414 2318 519 2364 vasis
543 2320 692 2365 vitreis
715 2335 826 2380 aqua
850 2323 1016 2368 marina
1044 2323 1245 2381 refertis,
1281 2340 1369 2372 una
1392 2340 1494 2372 cum
1520 2325 1706 2384 lapillis,
1743 2326 1889 2384 testis,

187 2391 240 2439 δε
276 2407 444 2452 quercu
481 2393 694 2451 Mariua,
729 2411 888 2457 aquam
924 2399 978 2444 ad
1014 2402 1276 2461 minimum,
1317 2402 1450 2449 semel
1489 2400 1718 2460 quotidie,
1755 2417 1888 2449 reno·

182 2469 304 2513 vavi:
338 2469 488 2514 mense
519 2470 665 2529 Aprili
701 2471 991 2521 flavescentes
1016 2477 1215 2524 cochleae
1240 2493 1326 2526 ova
1349 2481 1394 2524 in
1421 2491 1590 2536 quercu
1612 2478 1779 2523 marina
1801 2493 1885 2538 po·

182 2557 289 2591 nere
324 2544 627 2601 incipiebant:
661 2547 815 2607 elapfis
853 2551 994 2595 tribus
1019 2552 1276 2610 septimanis
1301 2552 1519 2599 Cochleae
1540 2553 1776 2600 fornicatae
1800 2569 1885 2601 ova

180 2636 354 2682 ponere
389 2622 681 2681 inceperunt,
719 2640 812 2672 non
849 2626 894 2672 in
931 2640 1103 2687 quercu
1138 2630 1306 2677 marina
1340 2628 1413 2676 sed
1445 2630 1489 2676 in
1511 2629 1757 2690 parietibus
1779 2630 1879 2676 vitri

182 2699 403 2748 tantillum
438 2697 564 2760 supra
598 2716 774 2763 aquam.

978 2777 1019 2824 E
1055 2793 1083 2841 g
1710 2778 1871 2825 Ovaria
