2262 3182
378 251 440 284 20
828 229 1614 284 OPUSCULA

369 366 551 414 historia
595 363 782 411 naturali
827 361 1164 409 Corallinorum
1212 362 1363 423 plures
1408 380 1559 413 earum
1605 366 1772 428 species
1808 367 2063 433 diligentius

372 441 688 502 pulchrIusque
732 439 971 485 delineavit
994 472 1008 495 ,
1076 453 1208 498 quam
1265 442 1312 488 in
1369 441 1463 487 ullo
1518 444 1724 492 Authore
1759 480 1773 503 ‚
1849 460 2066 505 quantum

372 514 463 560 scio
486 551 498 570 ,
548 514 684 574 pictae
720 514 1041 573 descriptaeque
1075 516 1288 574 prostant.
1367 518 1545 566 Verum
1579 521 1667 566 Vir
1700 519 2066 581 praestantiffimus

371 593 416 636 in
451 605 616 653 genere
650 594 814 652 ponit,
865 605 1024 637 omnes
1071 591 1242 651 species
1285 594 1613 642 Corallinarum
1639 634 1651 656 ,
1701 598 2026 657 Alcyoniorum
2050 629 2065 652 ‚

369 667 660 714 Eschararum
676 702 689 723 ,
726 668 1024 730 Spongiarum
1049 667 1136 715 &a
1174 667 1258 714 esse
1281 670 1555 729 productum
1577 674 1790 722 animale:
1828 674 1926 721 haec
1949 673 2064 719 adeo

369 742 672 791 universaliter
708 742 921 803 assumpta
956 743 1085 790 thesis
1119 745 1256 804 mihi,
1293 761 1404 806 pace
1427 751 1579 811 magni
1600 750 1698 795 Viri
1721 752 1934 805 dixerim,
1969 763 2064 796 non

367 834 526 882 parum
572 819 707 864 dubia
753 834 840 865 nec
874 820 1013 880 usque
1046 822 1226 880 penitus
1259 822 1448 881 probata
1490 824 1713 883 apparet:
1760 840 1862 871 nam
1907 826 2066 873 admo-

369 896 476 942 dum
512 896 671 940 mirum
708 895 770 940 est
792 930 808 953 ‚
857 910 909 942 ea
943 912 1076 956 parva
1112 898 1407 957 animalcula,
1454 913 1556 958 quae
1591 899 1752 959 Polypi
1785 900 2067 961 appellantur

368 972 590 1033 (quorum
625 969 753 1016 multi
789 971 925 1017 oculo
964 985 1133 1019 tantum
1169 973 1383 1034 spectati,
1420 975 1535 1021 visus
1563 977 1704 1021 aciem
1727 975 1977 1038 effugiunt,
2014 975 2066 1024 &

366 1046 567 1092 melioris
602 1056 726 1090 notre
759 1044 1071 1105 microscopiis
1107 1060 1222 1105 opus
1259 1047 1335 1108 fit,
1381 1061 1432 1094 ut
1465 1048 1582 1094 clare
1617 1047 1670 1095 &
1704 1049 1819 1094 bene
1856 1049 2067 1111 detegan-

367 1135 438 1168 tur
471 1121 522 1169 δε
559 1120 906 1183 discernantur)
955 1122 1046 1181 ipsa
1081 1135 1167 1167 tam
1200 1137 1358 1182 parum
1395 1124 1645 1171 differentis
1676 1124 1806 1170 faciei
1841 1139 1935 1170 non
1972 1138 2066 1170 tan-

366 1211 462 1244 tum
498 1197 740 1243 formatura
776 1198 914 1244 varias
947 1197 1282 1243 Corallinarum
1318 1198 1492 1257 species
1514 1234 1528 1254 ‚
1573 1199 1647 1245 sed
1679 1200 1813 1245 etiam
1847 1198 1930 1243 alia
1964 1212 2067 1243 cor·

363 1290 475 1336 pora
498 1309 513 1327 ,
560 1289 754 1334 quorum
788 1288 970 1319 externa
1002 1275 1137 1320 facies
1170 1272 1216 1320 &
1251 1276 1427 1321 interna
1459 1275 1626 1322 fabrica
1660 1275 1948 1323 vehementer
1982 1273 2067 1320 dis-

363 1365 519 1412 crepat
544 1386 558 1406 ,
605 1349 743 1397 veluti
780 1349 845 1396 est
881 1352 997 1398 inter
1032 1351 1209 1397 duritiei
1243 1350 1432 1412 lapideae
1467 1351 1699 1407 Corallia,
1746 1353 1950 1398 coriacea
1983 1350 2066 1397 Al-

362 1429 557 1487 cyonia,
604 1440 771 1473 cornea
804 1425 1162 1487 Kerato-phyta‚
1210 1427 1557 1476 tenuissimorum
1596 1428 1869 1477 ramulorum
1905 1425 2066 1472 Coral-

361 1504 504 1559 linas,
540 1501 702 1547 molles
738 1503 982 1560 tenuesque
1017 1503 1245 1549 Escharas.

428 1580 651 1627 Praeterea
686 1579 730 1622 in
766 1576 920 1622 eadem
957 1575 1285 1623 Corallinarum
1321 1577 1499 1637 specie,
1535 1576 1780 1624 admodum
1808 1575 2066 1621 differentes

364 1655 525 1715 Poly-pi
565 1653 679 1712 saepe
711 1653 1028 1698 inveniuntur:
1076 1649 1128 1698 &
1163 1652 1317 1697 eadem
1352 1652 1627 1709 polyporum
1666 1651 1860 1708 species,
1898 1651 2066 1695 habitat
2127 1675 2130 1678 ·

364 1732 412 1777 in
448 1727 734 1775 diversissimis
770 1726 1097 1770 Corallinarum
1135 1720 1395 1779 speciebus:
1433 1720 1537 1767 Hoc
1571 1722 1625 1768 ab
1651 1724 1852 1767 omnium
1876 1723 2066 1768 insecto-

360 1820 459 1852 rum
497 1802 652 1850 indole
687 1801 881 1846 alienum
920 1797 1003 1843 esse
1050 1796 1258 1843 videtur:
1305 1796 1486 1854 quando
1530 1797 1703 1854 aliquot
1742 1795 1924 1842 Animal
1959 1799 2064 1843 irra-

360 1882 528 1930 tionale
565 1890 776 1938 operatur
808 1874 1018 1922 instinciu
1042 1912 1054 1932 ,
1106 1873 1278 1933 semper
1323 1874 1484 1920 eodem
1529 1874 1669 1920 modo
1713 1886 1920 1934 operatur
1944 1908 1958 1930 ,
1999 1876 2061 1920 ita

358 1961 484 2018 Apes
520 1956 620 2001 suos
653 1952 916 2000 artificiosos
959 1951 1209 1997 commoses
1234 1986 1251 2010 ‚
1313 1950 1478 1997 Aranei
1529 1951 1675 2007 telas,
1732 1950 1893 2009 Vespae
1938 1950 2063 1997 favos

361 2033 582 2090 nidosque
616 2030 922 2075 fabricantur:
969 2027 1210 2086 oportebat
1252 2042 1361 2089 ergo
1386 2064 1397 2084 ,
1446 2040 1496 2072 ut
1527 2027 1662 2072 iidem
1695 2027 1856 2085 Polypi
1891 2026 2062 2086 semper

361 2108 536 2155 easdem
571 2121 665 2152 non
693 2103 880 2150 diversas
915 2102 1167 2148 Corallinas
1199 2103 1456 2148 efficerent:
1503 2115 1577 2147 aut
1622 2102 1651 2147 fi
1687 2100 1931 2146 Corallinae
1965 2115 2059 2147 non

362 2186 462 2231 sunt
482 2183 655 2244 proprii
679 2181 772 2226 nidi
795 2178 864 2225 vel
890 2178 1153 2224 domunculi
1178 2179 1481 2238 Polyporum,
1518 2177 1591 2223 sed
1615 2191 1770 2223 eorum
1799 2179 1915 2223 cutis
1939 2177 2059 2241 (w),

361 2273 462 2309 tum
488 2272 636 2304 tamen
661 2256 927 2316 oportebat,
963 2268 1013 2301 ut
1034 2255 1165 2301 Cutis
1188 2256 1359 2313 semper
1383 2253 1575 2313 ejusdem
1598 2254 1757 2299 formae
1779 2253 1911 2298 foret.

426 2337 594 2383 Praeter
619 2334 870 2380 Conservas
890 2366 903 2387 ‚
940 2346 1042 2390 quae
1065 2344 1190 2377 certo
1215 2330 1378 2389 plantis
1401 2331 1681 2375 annumerari
1704 2328 1897 2383 debent,
1928 2330 2057 2374 ctiam

364 2413 463 2458 sunt
489 2411 657 2471 species
679 2421 942 2455 cornearum
969 2405 1323 2461 Corallinarum,
1362 2418 1470 2462 quas
1491 2403 1672 2460 Polypis
1694 2401 1908 2458 obsessas,
1944 2418 2059 2449 non-

363 2489 470 2534 dum
507 2486 610 2547 (x)
646 2485 787 2530 videri
820 2483 1180 2541 licuitzquaenam
1215 2481 1351 2541 igitur
1392 2481 1553 2525 horum
1586 2478 1648 2524 est
1682 2477 1854 2539 origo?
1901 2479 1967 2524 vel
2002 2479 2058 2526 ad

364 2560 591 2625 quoddam
618 2572 863 2618 corporum
889 2571 1032 2620 genus
1054 2554 1319 2614 pertinent?

1938 2627 2053 2676 Haec

412 2701 497 2754 (w)
527 2702 643 2740 ELms
665 2698 703 2736 in
726 2697 825 2738 Phil.
845 2694 976 2737 Trans.
999 2697 1099 2737 Anni
1126 2706 1232 2746 ¹757·
1257 2705 1344 2746 pag.
1369 2697 1458 2741 283.

412 2762 506 2816 (x)
536 2761 640 2804 Idem
663 2764 705 2800 in
724 2760 908 2800 Natural
922 2758 1057 2809 htstory
1076 2756 1302 2807 ofCoralls‚
1330 2756 1441 2796 etiam
1463 2753 1643 2807 ejusmodi
1666 2755 1872 2799 Coraliinas
1891 2752 2055 2822 deliaca*-

1979 2829 2054 2864 vit,
