2262 3182
370 176 431 207 Ως,
790 146 1582 197 οΡυεουιΛ

367 288 638 336 marinorum
672 278 893 325 radicibus
926 278 980 324 ad
1015 279 1230 338 impetum
1244 278 1379 338 {aquae
1403 278 1698 341 frangendum
1724 289 2035 340 apponuntur,

369 362 615 422 lapidibus,
645 354 690 402 ἃ
713 357 757 401 in
782 354 933 400 rivulis
955 353 1222 399 littoralibus
1244 353 1425 412 ejusque
1449 355 1626 414 generis
1650 353 1762 400 locis
1779 387 1791 409 ‚
1818 356 1892 399 ubi
1915 355 2038 400 aestus

369 437 428 482 est
462 435 648 494 exiguus
676 465 689 488 ‚
724 430 884 475 morari
920 427 1044 473 solet.

435 508 604 554 Verum
628 507 887 566 priusquam
914 502 967 546 ad
993 503 1139 546 cancri
1163 501 1290 559 hujus
1316 501 1661 559 descriptionem
1690 500 1885 556 transeo,
1924 501 2043 546 haud

371 586 593 645 ingratum
637 579 815 624 Leston
847 572 1074 621 benevolo
1110 573 1209 618 fore
1241 573 1429 618 arbitror
1453 607 1467 627 .,
1517 573 1544 616 fi
1579 571 1808 633 singularia
1842 574 2041 630 quaedam

372 660 648 715 maximaque
685 652 974 697 admiratione
1009 647 1142 709 digna
1167 679 1180 701 ,
1214 660 1403 705 quaeque
1437 647 1482 690 in
1505 645 1761 691 animalibus
1786 649 1925 704 prima
1947 647 2044 705 spe—

375 734 445 779 cie
489 744 576 776 tam
623 726 804 787 stupidis
849 738 941 770 non
988 723 1302 785 exspeffmres,
1339 735 1393 766 ex
1438 721 1530 767 aliis
1574 721 1858 779 scriptoribus
1905 720 2042 765 addu-

374 818 503 852 xero.

440 880 649 926 Ca'ncrztm
686 868 941 931 Perverszcm
973 879 1213 924 numquam
1249 864 1389 910 solum
1422 867 1612 925 reperias
1636 899 1652 923 ‚
1688 866 1760 912 sed
1785 882 1873 912 mas
1900 867 1945 913 &
1966 868 2047 913 foe·

376 955 509 1004 mella
543 961 699 996 mutuo
720 939 892 990 *amoris
929 941 1110 989 vinculo
1138 941 1273 1000 junffi
1300 974 1314 996 ,
1350 953 1437 985 una
1472 939 1642 1000 semper
1676 942 1720 986 in
1753 942 1852 987 sede
1876 956 2049 988 moran·

379 1046 450 1081 tur
486 1028 597 1091 (v).

448 1105 611 1150 Cancer
651 1097 839 1145 Cominus
860 1129 876 1152 ,
912 1091 988 1150 qui
1019 1092 1064 1134 in
1099 1101 1215 1134 terra
1249 1101 1375 1143 aeque
1408 1101 1459 1129 ac
1494 1089 1540 1129 in
1572 1090 1678 1131 mari
1712 1087 1873 1148 degit,
1915 1087 2053 1146 pluri-

378 1190 502 1225 mum
538 1185 683 1217 tamen
727 1169 823 1210 imis
867 1161 1062 1207 adhaeret
1108 1158 1302 1218 scopulis
1337 1191 1355 1215 ,
1409 1159 1543 1202 noc‘lu
1579 1158 1753 1219 gallinis
1791 1160 2008 1218 obrepere
2033 1193 2048 1215 ‚

380 1249 663 1312 pedibusque
711 1243 757 1286 in
803 1249 1034 1284 cavernam
1080 1234 1196 1278 suam
1243 1229 1562 1290 protrahendas
1599 1261 1613 1284 ‚
1668 1230 2052 1288 comprehendere

383 1324 517 1370 callet
554 1317 694 1379 (w)-

447 1393 689 1444 Cancellus
726 1391 811 1434 five
846 1386 1000 1446 squilla
1032 1385 1316 1431 Pimzotheres
1352 1381 1463 1428 dicta
1489 1413 1502 1435 ‚
1537 1380 1705 1424 minimi
1728 1378 2058 1441 longitudinem

383 1474 511 1535 digiti
532 1470 667 1514 habet
687 1500 701 1520 ‚
735 1464 876 1509 crusta
901 1462 1021 1506 tenui
1047 1493 1061 1515 ‚
1083 1458 1297 1503 subrubri
1322 1456 1587 1516 plerumque
1611 1453 1682 1498 vel
1704 1454 1824 1513 ignei
1848 1454 2013 1500 coloris
2039 1489 2053 1511 ‚

383 1549 494 1594 albis
531 1537 763 1599 conspersa
798 1533 996 1581 maculis.
1065 1529 1170 1575 Hoc
1204 1527 1516 1573 animalculum
1549 1539 1762 1583 nusquam
1791 1527 1958 1571 nudum
1982 1540 2059 1572 aut

388 1621 585 1669 solutum
628 1612 845 1668 incedere
882 1607 1032 1653 videas
1058 1640 1070 1661 ‚
1121 1602 1195 1648 sed
1228 1604 1273 1645 in
1308 1600 1464 1646 Firmis
1497 1612 1569 1642 aut
1606 1599 1778 1643 Chamis
1811 1598 2057 1659 Squamatis

385 1694 580 1742 versatur
606 1705 621 1744 ε,
659 1699 851 1747 quorum
871 1674 1281 1741 fingulae'perfettae
1304 1672 1650 1734 magnitudinis,
1686 1673 1860 1717 unicam
1889 1686 2058 1718 tantum

388 1772 545 1816 harum
568 1760 822 1821 squillarum
849 1754 1099 1801 continent.
1145 1747 1326 1794 Habitat
1349 1748 1393 1790 in
1416 1760 1466 1790 ea
1485 1744 1797 1790 animalculum
1810 1779 1827 1802 ‚
1866 1743 1910 1790 &
1934 1759 2060 1791 num-

391 1856 523 1903 quam
560 1826 665 1882 dum
700 1832 811 1879 vivit
834 1863 850 1886 ‚
886 1827 1104 1885 hospitem
1141 1823 1264 1867 suum
1302 1820 1514 1879 relinquit
1538 1853 1550 1875 ‚
1586 1819 1750 1865 seda->eo
1783 1832 1961 1865 mortuo
1985 1834 2062 1866 ex·

391 1916 490 1961 filit.
561 1909 735 1954 Munus
760 1904 848 1963 ejus
870 1902 914 1945 in
937 1901 1002 1945 his
1027 1897 1211 1943 conchis
1237 1895 1296 1938 est
1316 1927 1328 1947 ‚
1365 1907 1413 1936 ut
1430 1894 1630 1951 janitorsss
1656 1893 1785 1937 instar
1809 1891 2061 1950 speculetur

394 1989 441 2035 ἐξ
474 1972 653 2032 moneat
678 2013 691 2034 ,
726 1978 754 2022 fi
779 1989 865 2033 qua
886 1971 1034 2031 praeda
1056 1983 1130 2013 aut
1151 1966 1400 2026 periculum
1422 1964 1526 2008 adsit
1552 1977 1567 2017 ς
1601 1963 1733 2008 Piscis
1758 1966 1875 2009 enim
1899 1965 2062 2012 Pinna-

394 2075 492 2111 rum
526 2057 599 2103 vel
634 2054 902 2098 Chamarum
925 2080 938 2101 ‚
973 2040 1338 2107 grandiusculum
1371 2036 1531 2083 animal
1564 2036 1638 2079 sed
1662 2036 1882 2095 stupidum
1907 2037 1953 2083 &
1978 2054 2062 2084 cae·-

396 2148 501 2182 cum
523 2164 537 2189 .,
586 2127 774 2174 conchae
807 2123 953 2168 valvas
989 2123 1128 2181 aperit
1151 2156 1164 2176 ‚
1211 2119 1407 2163 minutos
1439 2113 1636 2159 alliciens
1668 2111 1904 2171 pisciculos
1927 2147 1941 2168 ‚
1988 2118 2063 2172 qui

399 2221 496 2256 tum
528 2200 637 2249 nihil
673 2205 878 2245 timentes
913 2192 1120 2238 adnatant
1154 2204 1205 2238 ac
1241 2188 1417 2235 ludunt.
1454 2185 1654 2256 ,xVidens
1688 2199 1799 2249 ergo
1819 2185 2063 2234 Pinnothe-

1993 2275 2062 2307 res

1303 2358 1325 2409 ὅ

454 2429 537 2477 (υ)
565 2426 852 2480 ἱΒιρεγῃηιρῑιτες
883 2415 1105 2456 Amboinsc
1133 2385 1597 2466 Rariteitkamerspag.
1622 2417 1685 2448 22.
1714 2403 1942 2449 Tab..XII.2

453 2490 777 2544 (w)‘1d.'·‘1b‘1d;
804 2486 894 2542 pag.
921 2499 980 2538 13.
1207 2494 1210 2495 ’
1516 2488 1531 2540 l
