2262 3182
498 196 1375 251 ευΒεΕοῑνΑ.
1673 219 1762 269 113

90 338 244 394 instar,
283 331 637 386 &aculem-um,
669 341 718 376 ut
741 329 882 376 modo
906 327 1025 387 dixi,
1062 329 1180 378 bafin
1203 333 1504 390 constituunt,
1538 346 1636 394 quae
1659 332 1770 381 ideo

90 418 135 461 in
170 412 378 458 inferiore
412 419 536 466 parte
569 417 725 464 parum
761 417 1009 460 excavatae,
1042 405 1221 451 nodulis
1254 407 1607 455 accommodatae
1639 409 1766 467 sunt,

89 488 141 536 &
175 488 255 531 hac
290 485 462 529 ratione
497 480 822 527 articulamenti
859 479 1054 539 speciem
1089 482 1389 540 constituunt,
1429 498 1558 542 quam
1582 487 1769 533 Archi-o-

91 563 206 608 diam
243 560 344 621 (q)
381 557 432 605 ἅ
467 555 753 617 Enarthrofin
789 571 954 603 voca-nt
987 558 1274 615 Anatomici,
1311 559 1363 606 &
1397 559 1522 620 cujus
1550 575 1638 620 ope
1664 577 1770 621 quan

95 649 180 696 qua
213 634 385 681 versum
414 644 585 678 vertere
618 633 799 679 aculeos
832 633 884 680 <Sc
921 632 1100 680 fleetere
1136 635 1296 680 animal
1328 633 1494 694 potest..

153 708 320 755 Aculei
340 709 518 754 maximi
541 710 744 754 maximis
760 742 773 764 ,
808 710 980 754 minimi
1004 711 1197 756 minimis
1217 711 1433 757 inhaerent
1456 709 1604 755 nodis.
1673 709 1772 755 No-

94 786 254 831 dorum
291 781 548 845 inffingulis
578 782 812 844 triangulis
843 782 1086 842 majoribus
1113 784 1170 831 ad
1194 787 1428 831 minimum
1452 797 1633 830 centum
1659 782 1776 829 sexa<

94 864 244 925 ginta,
280 861 325 904 in
360 857 606 903 minoribus
634 857 905 920 octoginta,
942 874 1134 918 quorum
1169 875 1457 908 numerorum
1493 859 1673 923 fingulis
1695 873 1777 918 pet

94 940 295 998 quinque
330 933 633 993 multiplicans
655 968 669 991 ‚
714 933 963 994 prodibunt
1004 936 1130 982 inille
1162 936 1358 984 ‘ducenti
1404 939 1542 984 totius
1575 935 1777 983 animalis

98 1012 225 1059 nodi.

159 1088 200 1134 F
203 1089 453 1133 oraminum
486 1085 783 1145 proboscibus
819 1087 1070 1140 exserendis
1104 1086 1436 1134 inservientium
1482 1104 1694 1137 numerus
1729 1091 1776 1135 in

94 1162 274 1226 fingulis
309 1161 437 1208 lineis
471 1161 525 1207 ad
561 1162 793 1208 minimum
829 1165 1109 1211 centenarius
1144 1161 1205 1210 est
1228 1200 1239 1221 ‚
1289 1164 1409 1210 unde
1443 1164 1571 1225 hujus
1602 1168 1789 1228 generis-

98 1239 284 1285 echinus
331 1238 430 1301 (r)
462 1236 589 1283 mille
634 1237 1086 1294 ducentis—aculeis,
1132 1237 1184 1286 <Sc
1228 1239 1350 1286 mille
1394 1240 1779 1300 proboscidibus,

101 1314 262 1374 quibus
297 1310 352 1356 ad
385 1311 765 1373 progrediendum
790 1349 804 1370 ‚
854 1326 928 1360 aut
961 1313 1121 1360 eodem
1159 1312 1201 1358 se
1235 1312 1341 1360 loco
1376 1313 1618 1362 tenendum
1640 1347 1656 1370 ‚
1701 1312 1782 1372 ipsi

95 1404 214 1452 =opus
249 1389 339 1441 est,
374 1387 429 1432 ad
458 1389 690 1434 minimum
718 1388 959 1437 instructus
994 1391 1203 1436 cernitur.

122 1509 125 1513 Α
163 1463 344 1528 Ωαοᾶίῑ
369 1463 457 1524 jam
484 1464 795 1510 musculorum
819 1497 835 1522 ‚
879 1464 934 1510 ad
966 1464 1226 1512 aculeorum
1259 1462 1311 1511 ὃς
1343 1463 1663 1524 proboscidum
1685 1477 1783 1509 mo-

105 1554 200 1587 tum
230 1539 576 1594 necess'a-riorum
611 1543 790 1600 copiam
817 1543 977 1587 animo
1012 1541 1360 1599 concipiamuS‚
1406 1540 1786 1600 Omnipotentem

99 1633 206 1678 ‘quae
251 1616 347 1662 haee
387 1616 588 1662 animalia
632 1620 837 1672 creavit,
884 1617 1140 1673 sapientiam
1191 1615 1372 1660 attoniti
1416 1612 1468 1661 δε
1506 1615 1801 1697 venerabun-·

108 1694 154 1738 di
187 1690 451 1745 adoremus,
484 1687 660 1734 necess'e
701 1689 776 1735 est.

174 1765 450 1812 Aculeorum
484 1764 745 1809 eorumdem
778 1763 830 1811 δε
864 1762 1184 1822 proboscidum
1227 1774 1318 1820 ope
1349 1775 1376 1808 e
1408 1761 1514 1810 loco
1557 1766 1604 1811 in
1635 1763 1790 1811 locum

108 1841 277 1897 Echini
315 1838 357 1884 se
391 1849 601 1896 movent,
633 1837 827 1901 utrisque
859 1837 1056 1886 eundem
1084 1838 1133 1885 in
1167 1835 1303 1883 finem
1335 1849 1535 1886 utentes:
1569 1840 1793 1888 Posterio-

1669 1917 1791 1967 ribus

171 2055 260 2108 (q)
291 2057 475 2106 Speciem,
505 2053 694 2106 inquam„
715 2057 1034 2108 articulamenti.
1088 2055 1195 2094 Nam
1220 2052 1295 2093 *illa
1307 2059 1483 2093 artuum
1506 2054 1793 2110 commissura,

117 2131 208 2168 quae
234 2115 475 2165 Enarthrofis
504 2119 569 2156 vel
595 2119 798 2159 Arthodiae
822 2118 988 2157 nomine
1015 2117 1130 2156 venit
1159 2114 1322 2166 (qualis
1351 2115 1436 2154 offis
1467 2117 1633 2157 femoris
1662 2119 1717 2158 est
1746 2119 1792 2158 in

121 2177 301 2218 cavitate
329 2176 413 2214 offis
441 2178 709 2228 innominati,
741 2181 781 2219 &3
809 2180 893 2219 offis
921 2178 1083 2219 humeri
1111 2177 1153 2218 in
1181 2172 1363 2218 cavitate
1395 2190 1485 2228 quae
1513 2191 1538 2220 a
1567 2181 1733 2231 scapula
1753 2181 1796 2221 <Sc

123 2238 330 2278 clavicula
366 2235 406 2276 in
442 2239 606 2280 homine
642 2242 849 2292 efficitur)
878 2243 1118 2282 Membrum
1146 2241 1301 2280 mobile
1323 2243 1433 2282 nodo
1462 2245 1534 2284 suo
1564 2246 1793 2287 cavitatem

121 2298 295 2340 membri
322 2299 390 2337 fixi
418 2297 545 2340 intrat
568 2316 576 2340 ε
616 2303 683 2340 sed
703 2304 784 2347 hic(
804 2303 846 2343 in
874 2302 1039 2344 Echinis
1067 2303 1299 2342 membrum
1325 2305 1475 2346 mobile
1498 2335 1510 2356 ,
1539 2308 1789 2358 (Aculeus)

123 2363 294 2402 inferius
322 2361 376 2400 est
406 2373 676 2414 excavatum,
716 2364 756 2404 &
783 2368 955 2407 membri
982 2366 1052 2406 fixi
1079 2367 1237 2409 nodum
1258 2367 1306 2407 ‘in
1334 2367 1446 2410 illam
1475 2370 1700 2410 cavitatem
1727 2385 1793 2412 re·-

128 2421 241 2471 cipit.

178 2486 262 2533 (r)
298 2487 398 2526 Aiiae
434 2487 686 2529 Echinorum
725 2488 979 2530 marinorum
1029 2488 1213 2541 species,
1261 2493 1413 2543 majore
1459 2492 1798 2549 triangulorum

122 2546 282 2595 semper
311 2555 454 2587 tamen
492 2549 532 2589 in
571 2551 746 2602 majores
782 2551 823 2591 &
858 2551 1038 2590 minores
1074 2551 1459 2601 distinguendorum
1492 2568 1668 2598 numero
1698 2571 1797 2600 con

121 2608 249 2651 stant:
281 2610 445 2658 quando
472 2613 714 2655 aculeorum
743 2611 784 2653 &
811 2610 1102 2662 proboseidum
1129 2623 1329 2656 numerus
1359 2615 1487 2660 etiam
1516 2617 1646 2672 major
1674 2620 1742 2661 est.

947 2685 987 2734 P
