2262 3182
688 186 1853 276 CONTENTA.

520 383 555 427 I.
594 380 669 425 De
706 377 806 422 Zoo
830 374 990 434 phytis.
1394 374 1396 378 ’
1915 380 2017 430 pag·
2050 381 2109 429 53

494 454 551 499 ΙΙ.
592 451 666 496 Do
704 447 887 494 Ostreis.
2050 446 2113 491 62
2155 454 2162 457 Α

473 529 551 575 III.
589 527 662 574 De
699 522 933 571 Cancello.
2048 534 2112 581 74

471 602 550 650 IV.
588 601 662 647 De
698 595 1010 656 Scolopendra
1044 594 1236 654 majore,
1273 595 1504 642 tubularia.
2048 609 2111 656 77

489 674 548 722 V.
588 675 662 720 De
688 671 1011 732 Sex-pulis‚five
1031 667 1266 715 Vermibus
1292 671 1425 714 tubos
1448 669 1673 727 Lapideos
1695 670 2015 717 incolentibus.
2051 682 2112 729 79

472 754 553 800 VI.
593 753 662 797 De
690 749 866 796 Doride
891 748 974 793 five
999 746 1182 802 Limace
1207 747 1384 793 Marina
1401 780 1414 803 ,
1452 746 1583 805 spinis
1608 746 1819 792 mollIbus
1842 747 2015 792 hirsuta.
2054 745 2109 798 8⁸1:
2139 750 2143 752 ’

444 831 551 877 VH.
588 829 662 874 De
687 827 909 872 Hisudine
933 823 1138 869 Piscium.
2053 821 2113 866 82

427 905 556 954 VIII.
594 901 666 946 De
702 897 895 945 Esehara
927 896 1254 955 Lapidescente
1280 930 1295 954 ,
1344 895 1706 957 conglomerata,
1755 897 1925 944 foliolis
1952 910 2014 943 te-

656 977 846 1029 nuibus,
879 975 1060 1034 crispis,
1098 973 1388 1031 coadunatis,
1425 974 1710 1034 fimpIIcibUS.
2055 976 2112 1031 83

474 1053 557 1100 IX.
598 1051 672 1097 De
709 1050 907 1096 AscidIO.
994 1100 1013 1105 ⁷⁴
2056 1051 2117 1103 84

493 1127 553 1173 X.
587 1124 660 1170 De
696 1123 887 1168 Piscium
919 1122 1103 1169 Auditu.
2052 1120 2117 1166 86

426 1200 843 1250 TABULARUM
877 1198 1280 1247 EXPLICATIO.
2050 1209 2114 1252 92

610 1408 982 1457 MENDA
1052 1409 1932 1458 TYPOGRAPHICA.

421 1538 518 1578 pag.
545 1535 607 1574 55.
635 1528 705 1565 lin.
737 1527 810 1564 ult.
838 1529 877 1564 in
908 1531 1004 1564 notis
1029 1527 1127 1564 finit.
1159 1529 1236 1575 lege
1264 1525 1359 1564 finit.

420 1587 516 1627 pag.
545 1588 609 1625 59.
638 1580 708 1615 lin.
735 1588 760 1624 9
789 1580 827 1613 in
856 1581 966 1615 notis.
995 1577 1126 1615 Astero
1149 1578 1367 1628 polyporum
1388 1578 1467 1625 lege
1487 1575 1878 1626 Aftero-polyporum.

420 1637 516 1677 pag.
544 1630 607 1666 60.
637 1629 707 1665 lin.
736 1640 799 1675 24.
856 1641 903 1664 uo
924 1628 961 1663 in
983 1627 1050 1664 hac
1075 1628 1270 1665 Settulama
1292 1629 1369 1673 lege
1391 1640 1465 1676 quo
1484 1627 1522 1664 in
1548 1626 1624 1664 haec
1646 1627 1857 1665 Sertulan'a.

418 1686 514 1727 pag.
544 1679 608 1725 63.
639 1679 706 1716 lin.
741 1689 784 1714 10
813 1690 835 1714 u
871 1690 892 1713 u
920 1679 998 1724 lege
1024 1676 1110 1714 aestu

418 1737 514 1777 pag.
545 1731 608 1777 64.
638 1728 709 1776 lg‘n.
745 1739 789 1765 10
817 1731 856 1765 2¹72
879 1731 974 1765 notis
1001 1727 1065 1764 lini
1091 1728 1168 1776 lege
1189 1726 1271 1762 limi

745 1790 784 1816 11
816 1779 908 1815 ibid.
939 1777 1040 1814 faetus
1061 1778 1137 1822 lege
1159 1775 1270 1812 foetus

418 1837 513 1879 pag.
541 1839 606 1878 70.
633 1830 702 1867 lin.
740 1840 784 1876 17
813 1827 940 1871 illam,
968 1827 1046 1874 lege
1065 1824 1177 1869 illud,

742 1888 787 1924 19
817 1889 894 1926 quae
921 1877 998 1924 lege
1027 1874 1127 1925 quod

421 1937 504 1978 pag
544 1940 607 1978 71.
638 1929 707 1966 lin.
745 1930 788 1967 16
814 1926 902 1974 Iagit
928 1928 1005 1974 lege
1024 1926 1113 1976 legit

420 1988 517 2028 pag.
547 1990 610 2027 73.
641 1981 710 2017 lin.
745 1990 791 2028 14
818 1977 903 2014 οὲὶο
922 1975 1048 2014 decem
1069 1979 1146 2026 lege
1172 1978 1280 2023 odo,
1311 1977 1439 2015 decem

423 2037 521 2077 pag.
550 2038 613 2075 74.
641 2031 711 2066 lin.
740 2040 778 2076 4.
805 2026 959 2065 testam?
989 2026 1182 2074 Cochleae,
1212 2031 1289 2077 lege
1312 2027 1440 2066 testam
1462 2026 1643 2072 cochleae,

546 2079 737 2127 Quoniam
768 2091 830 2129 per
850 2077 1092 2115 infortunium
1121 2080 1158 2116 in
1192 2079 1414 2130 quibusdam
1451 2079 1602 2128 pagellis
1634 2090 1725 2117 notae
1756 2080 1977 2129 marginales
2008 2094 2112 2134 pror-

615 2128 671 2165 sus
691 2129 745 2166 vel
765 2127 901 2166 omiflae
915 2156 925 2173 ,
955 2129 1010 2166 vel
1033 2130 1209 2168 mutssatae
1230 2128 1319 2177 fint,
1349 2130 1480 2180 petitur
1506 2130 1710 2171 Benevolus
1739 2132 1873 2172 Lector
1893 2146 1931 2172 ut
1951 2131 2115 2185 sequenti

619 2179 736 2217 modo
754 2193 812 2217 eas
832 2178 1015 2217 restituere
1035 2179 1133 2217 haud
1155 2180 1301 2218 recuset.

439 2239 526 2283 pag.
556 2237 619 2277 59.
646 2229 691 2266 ad
719 2230 785 2268 lin.
839 2232 874 2268 8.
982 2230 1080 2268 Tab.
1100 2232 1188 2269 VII.
1211 2229 1276 2280 fig.
1299 2232 1341 2276 J,
1361 2232 1417 2269 II.
1439 2231 1483 2269 Β.

725 2281 791 2318 lin.
824 2291 883 2328 17.
990 2281 1087 2319 Tab.
1109 2284 1198 2320 VII.
1219 2280 1286 2329 fig.
1307 2281 1381 2319 III.
1411 2283 1460 2320 C.

435 2342 523 2382 pag.
554 2332 618 2378 63.
647 2331 693 2369 ad
721 2332 787 2369 lin.
821 2343 879 2380 ³7·
987 2331 1083 2369 Tab.
1104 2333 1210 2369 VIII.
1231 2330 1297 2380 fig.
1317 2332 1352 2369 I.
1374 2338 1425 2370 A.

438 2393 526 2432 pag.
555 2385 618 2430 64.
648 2382 694 2419 ad
721 2382 785 2420 lin.
845 2383 879 2419 8.
985 2382 1080 2419 Tab.
1101 2384 1209 2421 VIII.
1230 2380 1296 2430 fig.
1318 2383 1371 2420 II.
1395 2384 1442 2421 B.

437 2442 524 2482 pag.
553 2435 614 2480 65.
643 2432 688 2470 ad
714 2433 780 2471 lin.
841 2444 875 2470 1.
982 2432 1077 2470 Tab.
1094 2434 1205 2471 VIII.
1227 2430 1291 2481 fig.
1312 2433 1377 2470 Vl.

714 2484 781 2522 lin.
816 2493 872 2529 14.
986 2481 1080 2520 Tab.
1102 2484 1209 2521 VIII.
1230 2480 1296 2531 fig.
1316 2483 1360 2520 V.
1380 2484 1429 2520 A.

435 2541 523 2583 pag.
553 2534 614 2569 66.
643 2533 688 2569 ad
717 2534 782 2572 lin.
818 2544 876 2580 19.
988 2532 1084 2570 Tab.
1108 2534 1217 2571 VIII.
1239 2531 1305 2581 fig.
1327 2533 1422 2578 VII,
1449 2532 1562 2581 VIII,
1593 2534 1661 2574 IX.

437 2592 524 2632 pag.
555 2584 616 2629 67.
646 2583 690 2618 ad
720 2584 785 2622 lin.
820 2595 878 2621 12.
988 2582 1084 2620 Tab.
1103 2584 1212 2621 VIII.
1240 2581 1300 2632 fig.
1323 2584 1376 2620 II.
1399 2587 1449 2623 A.

438 2642 524 2683 pag.
556 2634 616 2672 68.
645 2632 691 2668 ad
720 2633 786 2671 Im.
817 2645 880 2672 21·
987 2633 1083 2670 Tab.
1104 2634 1212 2671 VIII.
1232 2631 1297 2681 fig.
1321 2634 1397 2671 Ill.

646 2681 692 2719 ad
721 2682 786 2722 lin.
816 2693 876 2731 25.
984 2684 1082 2722 Tab.
1102 2685 1208 2723 V111.
1230 2681 1296 2734 fig.
1317 2683 1384 2721 IV.
