<?xml version="1.0" encoding="UTF-8"?>
<!DOCTYPE html PUBLIC "-//W3C//DTD XHTML 1.0 Transitional//EN"
    "http://www.w3.org/TR/xhtml1/DTD/xhtml1-transitional.dtd">
<html xmlns="http://www.w3.org/1999/xhtml" xml:lang="en" lang="en">
 <head>
  <title>
</title>
<meta http-equiv="Content-Type" content="text/html;charset=utf-8" />
  <meta name='ocr-system' content='tesseract 3.04.00' />
  <meta name='ocr-capabilities' content='ocr_page ocr_carea ocr_par ocr_line ocrx_word'/>
</head>
<body>
  <div class='ocr_page' id='page_1' title='image "./jobibasteriopusc00bast_0220.png"; bbox 0 0 2262 3182; ppageno 0'>
   <div class='ocr_carea' id='block_1_1' title="bbox 386 150 1596 209">
    <p class='ocr_par' dir='ltr' id='par_1_1' title="bbox 386 150 1596 209">
     <span class='ocr_line' id='line_1_1' title="bbox 386 150 1596 209; baseline 0.004 -12"><span class='ocrx_word' id='word_1_1' title='bbox 386 162 450 209; x_wconf 71' lang='lat'>25</span> <span class='ocrx_word' id='word_1_2' title='bbox 807 150 1596 202; x_wconf 84' lang='lat' dir='ltr'>OPUSCULA</span> 
     </span>
    </p>
   </div>
   <div class='ocr_carea' id='block_1_2' title="bbox 206 282 2086 1603">
    <p class='ocr_par' dir='ltr' id='par_1_2' title="bbox 206 282 2086 1603">
     <span class='ocr_line' id='line_1_2' title="bbox 393 282 2062 347; baseline -0.004 -9"><span class='ocrx_word' id='word_1_3' title='bbox 393 290 647 338; x_wconf 81' lang='lat' dir='ltr'>nostratium</span> <span class='ocrx_word' id='word_1_4' title='bbox 683 283 851 343; x_wconf 81' lang='lat' dir='ltr'>species</span> <span class='ocrx_word' id='word_1_5' title='bbox 871 315 885 340; x_wconf 87' lang='lat'><strong>‚</strong></span> <span class='ocrx_word' id='word_1_6' title='bbox 931 282 1102 329; x_wconf 88' lang='lat' dir='ltr'>filentio</span> <span class='ocrx_word' id='word_1_7' title='bbox 1135 285 1363 344; x_wconf 82' lang='lat' dir='ltr'>praeterire</span> <span class='ocrx_word' id='word_1_8' title='bbox 1396 284 1676 333; x_wconf 78' lang='lat' dir='ltr'>decreverim</span> <span class='ocrx_word' id='word_1_9' title='bbox 1701 321 1719 346; x_wconf 89' lang='lat'>,</span> <span class='ocrx_word' id='word_1_10' title='bbox 1765 302 1856 334; x_wconf 90' lang='lat' dir='ltr'>non</span> <span class='ocrx_word' id='word_1_11' title='bbox 1891 286 2062 347; x_wconf 88' lang='lat' dir='ltr'>possum</span> 
     </span>
     <span class='ocr_line' id='line_1_3' title="bbox 395 360 2065 422; baseline -0.005 -9"><span class='ocrx_word' id='word_1_12' title='bbox 395 381 485 412; x_wconf 88' lang='lat' dir='ltr'>non</span> <span class='ocrx_word' id='word_1_13' title='bbox 521 363 708 419; x_wconf 75' lang='lat' dir='ltr'>aliquam</span> <span class='ocrx_word' id='word_1_14' title='bbox 743 361 1015 404; x_wconf 86' lang='lat' dir='ltr'>minutorum</span> <span class='ocrx_word' id='word_1_15' title='bbox 1049 360 1351 405; x_wconf 82' lang='lat' dir='ltr'>cancellorum</span> <span class='ocrx_word' id='word_1_16' title='bbox 1378 395 1392 418; x_wconf 94' lang='lat'>,</span> <span class='ocrx_word' id='word_1_17' title='bbox 1432 377 1546 420; x_wconf 89' lang='lat' dir='ltr'>quos</span> <span class='ocrx_word' id='word_1_18' title='bbox 1578 364 1622 408; x_wconf 90' lang='lat' dir='ltr'>in</span> <span class='ocrx_word' id='word_1_19' title='bbox 1657 364 1833 422; x_wconf 84' lang='lat' dir='ltr'>mytulis</span> <span class='ocrx_word' id='word_1_20' title='bbox 1857 375 2065 408; x_wconf 85' lang='lat' dir='ltr'>nonnun-</span> 
     </span>
     <span class='ocr_line' id='line_1_4' title="bbox 397 433 2069 499; baseline -0.003 -15"><span class='ocrx_word' id='word_1_21' title='bbox 397 453 528 499; x_wconf 78' lang='lat' dir='ltr'>quam</span> <span class='ocrx_word' id='word_1_22' title='bbox 561 471 575 494; x_wconf 86' lang='lat'>‚</span> <span class='ocrx_word' id='word_1_23' title='bbox 624 434 668 482; x_wconf 85' lang='lat'>&amp;</span> <span class='ocrx_word' id='word_1_24' title='bbox 704 450 728 479; x_wconf 91' lang='lat' dir='ltr'>e</span> <span class='ocrx_word' id='word_1_25' title='bbox 763 434 1083 492; x_wconf 81' lang='lat' dir='ltr'>conchytarum</span> <span class='ocrx_word' id='word_1_26' title='bbox 1132 433 1382 480; x_wconf 90' lang='lat' dir='ltr'>testimonio</span> <span class='ocrx_word' id='word_1_27' title='bbox 1422 467 1435 489; x_wconf 88' lang='lat'>‚</span> <span class='ocrx_word' id='word_1_28' title='bbox 1480 449 1561 494; x_wconf 86' lang='lat' dir='ltr'>per</span> <span class='ocrx_word' id='word_1_29' title='bbox 1594 436 1775 494; x_wconf 86' lang='lat' dir='ltr'>hyemes</span> <span class='ocrx_word' id='word_1_30' title='bbox 1806 435 2069 494; x_wconf 81' lang='lat' dir='ltr'>Aquilonias</span> 
     </span>
     <span class='ocr_line' id='line_1_5' title="bbox 398 506 1563 574; baseline -0.004 -17"><span class='ocrx_word' id='word_1_31' title='bbox 398 511 662 574; x_wconf 85' lang='lat' dir='ltr'>potiffimum</span> <span class='ocrx_word' id='word_1_32' title='bbox 700 510 945 568; x_wconf 86' lang='lat' dir='ltr'>reperimus</span> <span class='ocrx_word' id='word_1_33' title='bbox 975 540 988 561; x_wconf 89' lang='lat'>,</span> <span class='ocrx_word' id='word_1_34' title='bbox 1025 506 1237 565; x_wconf 81' lang='lat' dir='ltr'>subjicere</span> <span class='ocrx_word' id='word_1_35' title='bbox 1271 509 1563 553; x_wconf 87' lang='lat' dir='ltr'>mentionem.</span> 
     </span>
     <span class='ocr_line' id='line_1_6' title="bbox 473 578 2068 639; baseline -0.004 -8"><span class='ocrx_word' id='word_1_36' title='bbox 473 587 605 631; x_wconf 78' lang='lat' dir='ltr'>Binas</span> <span class='ocrx_word' id='word_1_37' title='bbox 639 585 798 629; x_wconf 85' lang='lat' dir='ltr'>horum</span> <span class='ocrx_word' id='word_1_38' title='bbox 833 578 1135 626; x_wconf 78' lang='lat' dir='ltr'>cancellorum</span> <span class='ocrx_word' id='word_1_39' title='bbox 1171 579 1338 639; x_wconf 86' lang='lat' dir='ltr'>species</span> <span class='ocrx_word' id='word_1_40' title='bbox 1372 582 1418 625; x_wconf 89' lang='lat' dir='ltr'>in</span> <span class='ocrx_word' id='word_1_41' title='bbox 1455 580 1630 639; x_wconf 87' lang='lat' dir='ltr'>mytulis</span> <span class='ocrx_word' id='word_1_42' title='bbox 1664 584 1813 628; x_wconf 81' lang='lat' dir='ltr'>inveni</span> <span class='ocrx_word' id='word_1_43' title='bbox 1846 618 1858 639; x_wconf 87' lang='lat'>,</span> <span class='ocrx_word' id='word_1_44' title='bbox 1906 594 2068 626; x_wconf 84' lang='lat' dir='ltr'>utram-</span> 
     </span>
     <span class='ocr_line' id='line_1_7' title="bbox 406 654 2072 720; baseline -0.004 -15"><span class='ocrx_word' id='word_1_45' title='bbox 406 673 493 720; x_wconf 88' lang='lat' dir='ltr'>que</span> <span class='ocrx_word' id='word_1_46' title='bbox 543 670 734 717; x_wconf 81' lang='lat' dir='ltr'>corpore</span> <span class='ocrx_word' id='word_1_47' title='bbox 778 654 920 700; x_wconf 83' lang='lat' dir='ltr'>multo</span> <span class='ocrx_word' id='word_1_48' title='bbox 955 655 1093 714; x_wconf 79' lang='lat' dir='ltr'>magis</span> <span class='ocrx_word' id='word_1_49' title='bbox 1130 654 1367 699; x_wconf 83' lang='lat' dir='ltr'>orbiculari</span> <span class='ocrx_word' id='word_1_50' title='bbox 1405 688 1418 710; x_wconf 88' lang='lat'>‚</span> <span class='ocrx_word' id='word_1_51' title='bbox 1475 669 1605 714; x_wconf 82' lang='lat' dir='ltr'>quam</span> <span class='ocrx_word' id='word_1_52' title='bbox 1640 656 1825 702; x_wconf 83' lang='lat' dir='ltr'>aliorum</span> <span class='ocrx_word' id='word_1_53' title='bbox 1857 656 1917 700; x_wconf 82' lang='lat' dir='ltr'>est</span> <span class='ocrx_word' id='word_1_54' title='bbox 1952 655 2072 700; x_wconf 80' lang='lat' dir='ltr'>Can-</span> 
     </span>
     <span class='ocr_line' id='line_1_8' title="bbox 209 728 2075 806; baseline -0.005 -24"><span class='ocrx_word' id='word_1_55' title='bbox 209 749 604 806; x_wconf 65' lang='lat' dir='ltr'>T21b.1V.c¹&#39;0fU¹¹¹·</span> <span class='ocrx_word' id='word_1_56' title='bbox 675 731 827 777; x_wconf 84' lang='lat' dir='ltr'>Altera</span> <span class='ocrx_word' id='word_1_57' title='bbox 862 730 1031 789; x_wconf 85' lang='lat' dir='ltr'>species</span> <span class='ocrx_word' id='word_1_58' title='bbox 1066 728 1162 774; x_wconf 82' lang='lat' dir='ltr'>alba</span> <span class='ocrx_word' id='word_1_59' title='bbox 1198 729 1258 774; x_wconf 86' lang='lat' dir='ltr'>est</span> <span class='ocrx_word' id='word_1_60' title='bbox 1281 763 1295 784; x_wconf 87' lang='lat'>‚</span> <span class='ocrx_word' id='word_1_61' title='bbox 1331 743 1404 774; x_wconf 82' lang='lat' dir='ltr'>aut</span> <span class='ocrx_word' id='word_1_62' title='bbox 1439 731 1649 776; x_wconf 85' lang='lat' dir='ltr'>subrubra</span> <span class='ocrx_word' id='word_1_63' title='bbox 1672 765 1686 786; x_wconf 85' lang='lat'>‚</span> <span class='ocrx_word' id='word_1_64' title='bbox 1721 731 1853 776; x_wconf 78' lang='lat' dir='ltr'>altera</span> <span class='ocrx_word' id='word_1_65' title='bbox 1879 730 2075 787; x_wconf 84' lang='lat' dir='ltr'>aliquan·</span> 
     </span>
     <span class='ocr_line' id='line_1_9' title="bbox 207 802 2078 869; baseline -0.004 -14"><span class='ocrx_word' id='word_1_66' title='bbox 207 820 277 867; x_wconf 74' lang='lat' dir='ltr'>fig.</span> <span class='ocrx_word' id='word_1_67' title='bbox 307 819 334 856; x_wconf 84' lang='grc'>1.</span> <span class='ocrx_word' id='word_1_68' title='bbox 363 815 461 856; x_wconf 86' lang='lat' dir='ltr'>&amp;to</span> <span class='ocrx_word' id='word_1_69' title='bbox 494 810 632 869; x_wconf 78' lang='lat' dir='ltr'>magis</span> <span class='ocrx_word' id='word_1_70' title='bbox 667 807 841 850; x_wconf 77' lang='lat' dir='ltr'>cisserea</span> <span class='ocrx_word' id='word_1_71' title='bbox 875 802 920 848; x_wconf 69' lang='grc' dir='ltr'>δί</span> <span class='ocrx_word' id='word_1_72' title='bbox 952 802 1134 848; x_wconf 82' lang='lat' dir='ltr'>maculis</span> <span class='ocrx_word' id='word_1_73' title='bbox 1163 816 1236 848; x_wconf 80' lang='lat' dir='ltr'>aut</span> <span class='ocrx_word' id='word_1_74' title='bbox 1266 804 1374 850; x_wconf 84' lang='lat' dir='ltr'>striis</span> <span class='ocrx_word' id='word_1_75' title='bbox 1397 805 1529 851; x_wconf 85' lang='lat' dir='ltr'>fuscis</span> <span class='ocrx_word' id='word_1_76' title='bbox 1562 807 1607 849; x_wconf 89' lang='lat' dir='ltr'>in</span> <span class='ocrx_word' id='word_1_77' title='bbox 1641 803 1786 849; x_wconf 84' lang='lat' dir='ltr'>dorso.</span> <span class='ocrx_word' id='word_1_78' title='bbox 1855 803 2078 849; x_wconf 87' lang='lat' dir='ltr'>Posterior</span> 
     </span>
     <span class='ocr_line' id='line_1_10' title="bbox 206 868 2077 941; baseline -0.006 -7"><span class='ocrx_word' id='word_1_79' title='bbox 206 868 257 905; x_wconf 67' lang='grc' dir='ltr'>Η·</span> <span class='ocrx_word' id='word_1_80' title='bbox 410 887 506 932; x_wconf 84' lang='lat' dir='ltr'>haec</span> <span class='ocrx_word' id='word_1_81' title='bbox 540 883 706 941; x_wconf 83' lang='lat' dir='ltr'>species</span> <span class='ocrx_word' id='word_1_82' title='bbox 738 880 890 938; x_wconf 86' lang='lat' dir='ltr'>priore</span> <span class='ocrx_word' id='word_1_83' title='bbox 922 877 1147 935; x_wconf 82' lang='lat' dir='ltr'>aliquanto</span> <span class='ocrx_word' id='word_1_84' title='bbox 1176 878 1353 938; x_wconf 80' lang='lat' dir='ltr'>planior</span> <span class='ocrx_word' id='word_1_85' title='bbox 1375 913 1389 935; x_wconf 82' lang='lat'>,</span> <span class='ocrx_word' id='word_1_86' title='bbox 1426 878 1471 924; x_wconf 65' lang='grc' dir='ltr'>ἃ</span> <span class='ocrx_word' id='word_1_87' title='bbox 1506 880 1560 923; x_wconf 81' lang='lat' dir='ltr'>ad</span> <span class='ocrx_word' id='word_1_88' title='bbox 1596 894 1646 924; x_wconf 89' lang='lat' dir='ltr'>os</span> <span class='ocrx_word' id='word_1_89' title='bbox 1679 879 1903 937; x_wconf 79' lang='lat' dir='ltr'>aliquanto</span> <span class='ocrx_word' id='word_1_90' title='bbox 1939 881 2077 940; x_wconf 80' lang='lat' dir='ltr'>magis</span> 
     </span>
     <span class='ocr_line' id='line_1_11' title="bbox 408 950 2076 1017; baseline -0.004 -14"><span class='ocrx_word' id='word_1_91' title='bbox 408 957 621 1017; x_wconf 68' lang='lat' dir='ltr'>fastigiftta</span> <span class='ocrx_word' id='word_1_92' title='bbox 655 956 700 999; x_wconf 89' lang='lat' dir='ltr'>in</span> <span class='ocrx_word' id='word_1_93' title='bbox 735 965 937 997; x_wconf 84' lang='lat' dir='ltr'>acumen.</span> <span class='ocrx_word' id='word_1_94' title='bbox 1007 951 1180 996; x_wconf 89' lang='lat' dir='ltr'>Oculos</span> <span class='ocrx_word' id='word_1_95' title='bbox 1214 951 1379 998; x_wconf 83' lang='lat' dir='ltr'>habent</span> <span class='ocrx_word' id='word_1_96' title='bbox 1402 953 1676 998; x_wconf 87' lang='lat' dir='ltr'>rubicundos</span> <span class='ocrx_word' id='word_1_97' title='bbox 1698 954 1894 1015; x_wconf 80' lang='lat' dir='ltr'>ignitos,</span> <span class='ocrx_word' id='word_1_98' title='bbox 1933 950 1978 996; x_wconf 87' lang='lat'>&amp;</span> <span class='ocrx_word' id='word_1_99' title='bbox 1999 966 2076 1011; x_wconf 88' lang='lat' dir='ltr'>pe-</span> 
     </span>
     <span class='ocr_line' id='line_1_12' title="bbox 409 1027 1627 1092; baseline 0.002 -19"><span class='ocrx_word' id='word_1_100' title='bbox 409 1031 488 1077; x_wconf 83' lang='lat' dir='ltr'>des</span> <span class='ocrx_word' id='word_1_101' title='bbox 524 1029 624 1090; x_wconf 84' lang='lat' dir='ltr'>pilis</span> <span class='ocrx_word' id='word_1_102' title='bbox 657 1027 858 1088; x_wconf 80' lang='lat' dir='ltr'>plurImis</span> <span class='ocrx_word' id='word_1_103' title='bbox 891 1028 1134 1073; x_wconf 81' lang='lat' dir='ltr'>admodum</span> <span class='ocrx_word' id='word_1_104' title='bbox 1168 1029 1317 1092; x_wconf 84' lang='lat' dir='ltr'>longis</span> <span class='ocrx_word' id='word_1_105' title='bbox 1353 1031 1480 1076; x_wconf 88' lang='lat' dir='ltr'>obfiti</span> <span class='ocrx_word' id='word_1_106' title='bbox 1514 1031 1627 1077; x_wconf 87' lang='lat' dir='ltr'>sunt.</span> 
     </span>
     <span class='ocr_line' id='line_1_13' title="bbox 476 1096 2079 1162; baseline -0.001 -14"><span class='ocrx_word' id='word_1_107' title='bbox 476 1096 706 1161; x_wconf 84' lang='lat' dir='ltr'>Siquidem</span> <span class='ocrx_word' id='word_1_108' title='bbox 741 1118 820 1150; x_wconf 91' lang='lat' dir='ltr'>eos</span> <span class='ocrx_word' id='word_1_109' title='bbox 853 1104 906 1148; x_wconf 81' lang='lat' dir='ltr'>ab</span> <span class='ocrx_word' id='word_1_110' title='bbox 935 1103 1030 1147; x_wconf 85' lang='lat' dir='ltr'>ullo</span> <span class='ocrx_word' id='word_1_111' title='bbox 1052 1118 1246 1160; x_wconf 83' lang='lat' dir='ltr'>unquam</span> <span class='ocrx_word' id='word_1_112' title='bbox 1277 1117 1432 1148; x_wconf 78' lang='lat' dir='ltr'>autore</span> <span class='ocrx_word' id='word_1_113' title='bbox 1455 1117 1660 1148; x_wconf 83' lang='lat' dir='ltr'>accurate</span> <span class='ocrx_word' id='word_1_114' title='bbox 1683 1104 1928 1148; x_wconf 85' lang='lat' dir='ltr'>delineatos</span> <span class='ocrx_word' id='word_1_115' title='bbox 1949 1103 2079 1162; x_wconf 81' lang='lat' dir='ltr'>igno-</span> 
     </span>
     <span class='ocr_line' id='line_1_14' title="bbox 412 1175 1325 1237; baseline 0.001 -18"><span class='ocrx_word' id='word_1_116' title='bbox 412 1190 496 1230; x_wconf 83' lang='lat' dir='ltr'>ro,</span> <span class='ocrx_word' id='word_1_117' title='bbox 529 1177 659 1220; x_wconf 84' lang='lat' dir='ltr'>vivos</span> <span class='ocrx_word' id='word_1_118' title='bbox 689 1175 984 1236; x_wconf 78' lang='lat' dir='ltr'>designandos</span> <span class='ocrx_word' id='word_1_119' title='bbox 1017 1176 1167 1219; x_wconf 83' lang='lat' dir='ltr'>curavi</span> <span class='ocrx_word' id='word_1_120' title='bbox 1204 1175 1325 1237; x_wconf 80' lang='lat' dir='ltr'><em>(f).</em></span> 
     </span>
     <span class='ocr_line' id='line_1_15' title="bbox 492 1245 2079 1301; baseline -0.003 -8"><span class='ocrx_word' id='word_1_121' title='bbox 492 1247 632 1293; x_wconf 77' lang='lat' dir='ltr'>Cet·te</span> <span class='ocrx_word' id='word_1_122' title='bbox 674 1251 968 1294; x_wconf 78' lang='lat' dir='ltr'>attentionem</span> <span class='ocrx_word' id='word_1_123' title='bbox 1012 1261 1209 1292; x_wconf 87' lang='lat' dir='ltr'>meretur</span> <span class='ocrx_word' id='word_1_124' title='bbox 1239 1279 1253 1301; x_wconf 82' lang='lat'>,</span> <span class='ocrx_word' id='word_1_125' title='bbox 1298 1245 1440 1290; x_wconf 81' lang='lat' dir='ltr'>nullas</span> <span class='ocrx_word' id='word_1_126' title='bbox 1486 1245 1556 1291; x_wconf 88' lang='lat' dir='ltr'>vel</span> <span class='ocrx_word' id='word_1_127' title='bbox 1601 1246 1864 1291; x_wconf 85' lang='lat' dir='ltr'>breviffimas</span> <span class='ocrx_word' id='word_1_128' title='bbox 1909 1248 1963 1290; x_wconf 88' lang='lat' dir='ltr'>iis</span> <span class='ocrx_word' id='word_1_129' title='bbox 2002 1258 2079 1291; x_wconf 79' lang='lat' dir='ltr'>an-</span> 
     </span>
     <span class='ocr_line' id='line_1_16' title="bbox 413 1318 2079 1380; baseline -0.004 -13"><span class='ocrx_word' id='word_1_130' title='bbox 413 1336 568 1367; x_wconf 84' lang='lat' dir='ltr'>tennas</span> <span class='ocrx_word' id='word_1_131' title='bbox 611 1321 697 1366; x_wconf 82' lang='lat' dir='ltr'>esse</span> <span class='ocrx_word' id='word_1_132' title='bbox 725 1357 737 1378; x_wconf 92' lang='lat'>‚</span> <span class='ocrx_word' id='word_1_133' title='bbox 788 1335 876 1380; x_wconf 74' lang='lat' dir='ltr'>qua</span> <span class='ocrx_word' id='word_1_134' title='bbox 908 1323 953 1366; x_wconf 89' lang='lat' dir='ltr'>in</span> <span class='ocrx_word' id='word_1_135' title='bbox 991 1335 1041 1365; x_wconf 84' lang='lat' dir='ltr'>re</span> <span class='ocrx_word' id='word_1_136' title='bbox 1073 1321 1299 1380; x_wconf 85' lang='lat' dir='ltr'>praecipue</span> <span class='ocrx_word' id='word_1_137' title='bbox 1335 1318 1544 1365; x_wconf 83' lang='lat' dir='ltr'>differunt</span> <span class='ocrx_word' id='word_1_138' title='bbox 1573 1319 1626 1364; x_wconf 86' lang='lat' dir='ltr'>ab</span> <span class='ocrx_word' id='word_1_139' title='bbox 1662 1318 1743 1363; x_wconf 80' lang='lat' dir='ltr'>alia</span> <span class='ocrx_word' id='word_1_140' title='bbox 1777 1318 2079 1364; x_wconf 81' lang='lat' dir='ltr'>cancellorum</span> 
     </span>
     <span class='ocr_line' id='line_1_17' title="bbox 220 1391 2082 1482; baseline -0.002 -45"><span class='ocrx_word' id='word_1_141' title='bbox 220 1431 291 1482; x_wconf 50' lang='lat' dir='ltr'>Fig</span> <span class='ocrx_word' id='word_1_142' title='bbox 328 1392 564 1467; x_wconf 66' lang='lat' dir='ltr'>MLspeCie</span> <span class='ocrx_word' id='word_1_143' title='bbox 589 1428 603 1447; x_wconf 90' lang='lat'>.,</span> <span class='ocrx_word' id='word_1_144' title='bbox 639 1397 715 1454; x_wconf 89' lang='lat' dir='ltr'>qui</span> <span class='ocrx_word' id='word_1_145' title='bbox 749 1393 840 1440; x_wconf 83' lang='lat' dir='ltr'>alto</span> <span class='ocrx_word' id='word_1_146' title='bbox 874 1396 919 1439; x_wconf 91' lang='lat' dir='ltr'>in</span> <span class='ocrx_word' id='word_1_147' title='bbox 955 1395 1063 1439; x_wconf 88' lang='lat' dir='ltr'>mari</span> <span class='ocrx_word' id='word_1_148' title='bbox 1085 1396 1373 1439; x_wconf 85' lang='lat' dir='ltr'>inveniuntur</span> <span class='ocrx_word' id='word_1_149' title='bbox 1396 1427 1410 1448; x_wconf 88' lang='lat'>‚</span> <span class='ocrx_word' id='word_1_150' title='bbox 1446 1391 1491 1438; x_wconf 84' lang='lat'>&amp;</span> <span class='ocrx_word' id='word_1_151' title='bbox 1513 1392 1775 1453; x_wconf 79' lang='lat' dir='ltr'>longiffimas</span> <span class='ocrx_word' id='word_1_152' title='bbox 1809 1393 1972 1437; x_wconf 82' lang='lat' dir='ltr'>habent</span> <span class='ocrx_word' id='word_1_153' title='bbox 2008 1403 2082 1434; x_wconf 83' lang='lat' dir='ltr'>an·</span> 
     </span>
     <span class='ocr_line' id='line_1_18' title="bbox 297 1459 2086 1529; baseline -0.004 -14"><span class='ocrx_word' id='word_1_154' title='bbox 297 1459 307 1470; x_wconf 64' lang='grc'><em>’</em></span> <span class='ocrx_word' id='word_1_155' title='bbox 425 1483 585 1515; x_wconf 80' lang='lat' dir='ltr'>tennas</span> <span class='ocrx_word' id='word_1_156' title='bbox 619 1469 753 1529; x_wconf 78' lang='lat' dir='ltr'>(g),</span> <span class='ocrx_word' id='word_1_157' title='bbox 792 1480 975 1526; x_wconf 84' lang='lat' dir='ltr'>quarum</span> <span class='ocrx_word' id='word_1_158' title='bbox 1011 1466 1250 1527; x_wconf 74' lang='lat' dir='ltr'>iongitudo</span> <span class='ocrx_word' id='word_1_159' title='bbox 1271 1465 1543 1523; x_wconf 89' lang='lat' dir='ltr'>mytulorum</span> <span class='ocrx_word' id='word_1_160' title='bbox 1568 1465 1776 1510; x_wconf 84' lang='lat' dir='ltr'>cancellis</span> <span class='ocrx_word' id='word_1_161' title='bbox 1801 1498 1818 1522; x_wconf 86' lang='lat'><strong>,</strong></span> <span class='ocrx_word' id='word_1_162' title='bbox 1851 1467 1963 1510; x_wconf 84' lang='lat' dir='ltr'>intra</span> <span class='ocrx_word' id='word_1_163' title='bbox 1987 1477 2086 1508; x_wconf 85' lang='lat' dir='ltr'>eos-</span> 
     </span>
     <span class='ocr_line' id='line_1_19' title="bbox 421 1538 1615 1603; baseline -0.006 -12"><span class='ocrx_word' id='word_1_164' title='bbox 421 1545 525 1590; x_wconf 89' lang='lat' dir='ltr'>dem</span> <span class='ocrx_word' id='word_1_165' title='bbox 559 1541 827 1603; x_wconf 81' lang='lat' dir='ltr'>degentibus</span> <span class='ocrx_word' id='word_1_166' title='bbox 852 1574 866 1596; x_wconf 86' lang='lat'>‚</span> <span class='ocrx_word' id='word_1_167' title='bbox 910 1539 1102 1584; x_wconf 78' lang='lat' dir='ltr'>maximo</span> <span class='ocrx_word' id='word_1_168' title='bbox 1137 1538 1241 1583; x_wconf 75' lang='lat' dir='ltr'>essct</span> <span class='ocrx_word' id='word_1_169' title='bbox 1278 1538 1615 1598; x_wconf 81' lang='lat' dir='ltr'>impedimento.</span> 
     </span>
    </p>
   </div>
   <div class='ocr_carea' id='block_1_3' title="bbox 417 1727 2090 1905">
    <p class='ocr_par' dir='ltr' id='par_1_3' title="bbox 417 1727 2090 1905">
     <span class='ocr_line' id='line_1_20' title="bbox 473 1727 2089 1784; baseline -0.004 -13"><span class='ocrx_word' id='word_1_170' title='bbox 473 1734 550 1784; x_wconf 80' lang='lat' dir='ltr'>(f)</span> <span class='ocrx_word' id='word_1_171' title='bbox 588 1731 763 1770; x_wconf 80' lang='lat' dir='ltr'>Primam</span> <span class='ocrx_word' id='word_1_172' title='bbox 791 1729 967 1779; x_wconf 81' lang='lat' dir='ltr'>speeiem</span> <span class='ocrx_word' id='word_1_173' title='bbox 994 1739 1103 1767; x_wconf 80' lang='lat' dir='ltr'>voco</span> <span class='ocrx_word' id='word_1_174' title='bbox 1133 1731 1320 1769; x_wconf 81' lang='lat' dir='ltr'>Cancrum</span> <span class='ocrx_word' id='word_1_175' title='bbox 1347 1729 1501 1768; x_wconf 80' lang='lat' dir='ltr'>thorace</span> <span class='ocrx_word' id='word_1_176' title='bbox 1530 1730 1638 1777; x_wconf 83' lang='lat' dir='ltr'><em>levi,</em></span> <span class='ocrx_word' id='word_1_177' title='bbox 1668 1729 1874 1768; x_wconf 80' lang='lat' dir='ltr'>orbiculato</span> <span class='ocrx_word' id='word_1_178' title='bbox 1898 1754 1909 1773; x_wconf 86' lang='lat'>,</span> <span class='ocrx_word' id='word_1_179' title='bbox 1932 1727 2089 1776; x_wconf 79' lang='lat' dir='ltr'>pedibus</span> 
     </span>
     <span class='ocr_line' id='line_1_21' title="bbox 420 1784 2090 1843; baseline -0.007 -9"><span class='ocrx_word' id='word_1_180' title='bbox 420 1794 592 1843; x_wconf 77' lang='lat' dir='ltr'>hirsutis,</span> <span class='ocrx_word' id='word_1_181' title='bbox 647 1792 879 1831; x_wconf 85' lang='lat' dir='ltr'>Secundam</span> <span class='ocrx_word' id='word_1_182' title='bbox 905 1818 916 1838; x_wconf 78' lang='grc'>,</span> <span class='ocrx_word' id='word_1_183' title='bbox 947 1792 1133 1831; x_wconf 76' lang='lat' dir='ltr'>Cancrum</span> <span class='ocrx_word' id='word_1_184' title='bbox 1156 1819 1168 1837; x_wconf 87' lang='lat'><strong>‚</strong></span> <span class='ocrx_word' id='word_1_185' title='bbox 1197 1791 1350 1832; x_wconf 74' lang='lat' dir='ltr'>thorace</span> <span class='ocrx_word' id='word_1_186' title='bbox 1376 1792 1454 1829; x_wconf 73' lang='lat' dir='ltr'>levi</span> <span class='ocrx_word' id='word_1_187' title='bbox 1480 1790 1710 1836; x_wconf 74' lang='lat' dir='ltr'>orbiculato,</span> <span class='ocrx_word' id='word_1_188' title='bbox 1739 1791 1952 1832; x_wconf 75' lang='lat' dir='ltr'>maculato,</span> <span class='ocrx_word' id='word_1_189' title='bbox 1976 1784 2090 1834; x_wconf 78' lang='lat' dir='ltr'><em>rostro</em></span> 
     </span>
     <span class='ocr_line' id='line_1_22' title="bbox 417 1850 1236 1905; baseline -0.004 -12"><span class='ocrx_word' id='word_1_190' title='bbox 417 1856 580 1905; x_wconf 79' lang='lat' dir='ltr'>paulum</span> <span class='ocrx_word' id='word_1_191' title='bbox 606 1856 823 1893; x_wconf 82' lang='lat' dir='ltr'>acuminato</span> <span class='ocrx_word' id='word_1_192' title='bbox 843 1881 856 1902; x_wconf 86' lang='grc'>,</span> <span class='ocrx_word' id='word_1_193' title='bbox 876 1853 1036 1903; x_wconf 75' lang='lat' dir='ltr'>pedihus</span> <span class='ocrx_word' id='word_1_194' title='bbox 1063 1850 1236 1898; x_wconf 78' lang='lat' dir='ltr'>hirsutis.</span> 
     </span>
    </p>
   </div>
   <div class='ocr_carea' id='block_1_4' title="bbox 439 1939 2095 2054">
    <p class='ocr_par' dir='ltr' id='par_1_4' title="bbox 439 1939 2095 2054">
     <span class='ocr_line' id='line_1_23' title="bbox 484 1939 2095 1995; baseline -0.003 -12"><span class='ocrx_word' id='word_1_195' title='bbox 484 1948 567 1995; x_wconf 75' lang='lat' dir='ltr'>(g)</span> <span class='ocrx_word' id='word_1_196' title='bbox 608 1944 792 1984; x_wconf 83' lang='lat' dir='ltr'>Tertiam</span> <span class='ocrx_word' id='word_1_197' title='bbox 818 1945 922 1983; x_wconf 79' lang='lat' dir='ltr'>hanc</span> <span class='ocrx_word' id='word_1_198' title='bbox 953 1946 1142 1982; x_wconf 73' lang='lat' dir='ltr'>Cancrum</span> <span class='ocrx_word' id='word_1_199' title='bbox 1171 1943 1325 1979; x_wconf 76' lang='lat' dir='ltr'>thorace</span> <span class='ocrx_word' id='word_1_200' title='bbox 1353 1945 1454 1987; x_wconf 76' lang='lat' dir='ltr'><em>levi,</em></span> <span class='ocrx_word' id='word_1_201' title='bbox 1483 1945 1715 1987; x_wconf 77' lang='lat' dir='ltr'>orbiculato,</span> <span class='ocrx_word' id='word_1_202' title='bbox 1737 1939 1986 1991; x_wconf 68' lang='lat' dir='ltr'>subdepreffl),</span> <span class='ocrx_word' id='word_1_203' title='bbox 2013 1939 2095 1979; x_wconf 77' lang='lat' dir='ltr'>che-</span> 
     </span>
     <span class='ocr_line' id='line_1_24' title="bbox 439 2000 1878 2054; baseline -0.004 -11"><span class='ocrx_word' id='word_1_204' title='bbox 439 2007 486 2045; x_wconf 72' lang='lat' dir='ltr'>lis</span> <span class='ocrx_word' id='word_1_205' title='bbox 505 2008 751 2047; x_wconf 73' lang='lat' dir='ltr'>validioribus</span> <span class='ocrx_word' id='word_1_206' title='bbox 771 2033 786 2054; x_wconf 87' lang='lat'>‚</span> <span class='ocrx_word' id='word_1_207' title='bbox 810 2007 988 2045; x_wconf 76' lang='lat' dir='ltr'>antennis</span> <span class='ocrx_word' id='word_1_208' title='bbox 1005 2001 1207 2053; x_wconf 78' lang='lat' dir='ltr'>long‘zffimis</span> <span class='ocrx_word' id='word_1_209' title='bbox 1227 2029 1240 2050; x_wconf 88' lang='lat'>‚</span> <span class='ocrx_word' id='word_1_210' title='bbox 1260 2002 1417 2052; x_wconf 74' lang='lat' dir='ltr'>pedihus</span> <span class='ocrx_word' id='word_1_211' title='bbox 1428 2000 1576 2050; x_wconf 77' lang='lat' dir='ltr'>posticis</span> <span class='ocrx_word' id='word_1_212' title='bbox 1599 2000 1878 2041; x_wconf 80' lang='lat' dir='ltr'>minutioribus.</span> 
     </span>
    </p>
   </div>
  </div>
 </body>
</html>
