2262 3182
218 334 396 376 Tab-Ix.

218 385 286 437 fig.
312 400 345 429 1.

218 441 267 481 A·
298 440 346 479 B·

413 197 475 264 γε
881 182 1675 244 o'PnseULA

478 329 666 393 Exiguae
706 325 1064 387 tuneplumulae
1099 327 1386 387 videbantur,
1426 327 1474 375 &
1507 328 1552 376 in
1588 330 1717 378 variis
1751 329 2017 378 animalibus
2038 345 2111 379 va-

411 409 462 454 rii
499 417 625 453 erant
659 402 854 459 coloriS,
904 417 1064 448 omnes
1099 416 1243 449 tamen
1279 403 1598 464 pulcherrimi,
1643 419 1697 451 ex
1731 407 1982 464 coccineo,
2017 422 2110 454 ma-
2160 459 2166 463 ,

410 486 478 548 gis
521 484 725 529 minu-sve
774 478 963 526 rubente
986 514 1000 533 ,
1049 477 1094 524 &
1138 480 1242 527 albo
1277 482 1322 527 in
1360 483 1588 529 cinereum
1623 495 1698 529 aut
1737 482 1976 530 caeruleum
2012 498 2107 533 ver-

406 573 573 628 gente,
610 558 737 605 mixti
775 556 941 603 coloris
978 567 1116 601 erant.

475 638 576 685 Una
611 636 765 682 harum
802 633 1104 694 plumularum
1140 630 1454 691 Microscopio
1490 632 1717 694 inspecta,
1758 633 1949 695 speciem
1984 636 2107 684 exhi-

405 710 509 771 bet,
549 711 725 772 qualcm
765 710 881 757 Tab.
919 709 997 756 IX.
1026 708 1101 772 fig.
1143 722 1182 754 1.
1206 725 1242 755 c.
1283 709 1548 756 delineatam
1585 712 1725 757 vides.

472 789 656 837 Nullam
693 787 1011 850 magnitudinis
1044 786 1330 832 brachiorum
1360 790 1492 834 unius
1518 787 1588 833 vel
1615 787 1792 833 alterius
1815 789 1990 848 lateris,
2032 802 2105 835 aut

403 867 509 915 inde
545 865 868 927 prodeuntium
903 862 1203 923 plumularum
1239 864 1589 910 animadvertere
1627 864 1922 926 differentiam
1946 869 2100 926 potui:

402 954 553 1002 neque
589 942 731 990 ullum
767 943 811 988 in
849 941 916 987 his
953 941 1189 1000 plumulis,
1231 940 1308 986 nifi
1344 941 1625 1001 expansionis
1663 940 1708 986 &
1744 941 2027 990 retraffionis
2056 944 2102 988 in

402 1020 589 1074 tubum,
625 1032 828 1072 motum,
863 1033 1013 1077 neque
1050 1020 1305 1078 propriam,
1342 1019 1484 1078 qualis
1515 1009 1564 1065 *in
1600 1018 1876 1078 Polyporum
1914 1019 2104 1065 brachiis

402 1098 708 1157 conspicitur,
745 1094 1107 1142 contractionem
1143 1095 1372 1142 videbam:
1410 1096 1578 1142 Verum
1615 1095 1795 1142 forsitan
1821 1098 1863 1141 in
1890 1098 2105 1155 arripien-

400 1173 458 1220 da
492 1174 616 1233 esca,
667 1189 770 1233 quae
807 1174 879 1219 hic
916 1174 961 1218 in
995 1172 1155 1235 gabata
1193 1187 1285 1218 non
1319 1186 1439 1229 erat,
1488 1172 1603 1218 hanc
1638 1173 1993 1218 contractionem
2027 1187 2105 1233 pe.

398 1264 554 1314 ragere
588 1251 751 1297 valent.

463 1324 698 1371 Vermium
734 1339 792 1370 ex
827 1324 895 1368 his
931 1323 1048 1368 tubis
1085 1321 1386 1369 extrarfftorum
1410 1355 1424 1375 ‚
1468 1321 1514 1366 in
1550 1320 1714 1379 quibus
1737 1356 1748 1377 ‚
1798 1322 1967 1380 quippe
2002 1318 2096 1380 spa-

395 1399 516 1446 tiofis
553 1400 679 1457 satis,
725 1397 855 1445 facile
894 1399 936 1443 se
971 1390 1148 1444 ssedlere
1180 1398 1231 1446 <Sc
1263 1412 1435 1445 vertere
1471 1409 1707 1456 poterant,
1752 1398 1886 1442 latera
1920 1397 2101 1459 glauci,

392 1473 441 1522 &
488 1477 668 1523 dorsum
715 1475 1032 1522 intermedium
1082 1476 1171 1521 albi
1220 1476 1495 1523 flavescentis
1539 1486 1665 1520 erant
1710 1473 1878 1518 coloris
1923 1471 2097 1519 &tota

390 1549 635 1613 longitudo
675 1553 720 1597 in
757 1565 890 1610 parva
926 1550 1059 1596 divisa
1096 1551 1326 1610 quadrata.
1391 1550 1464 1595 Ad
1509 1562 1749 1608 utrumque
1786 1550 2000 1595 Animalis
2036 1550 2098 1596 la·
2168 1609 2170 1611 Ι

389 1638 465 1673 tus
487 1661 501 1683 ,
550 1627 664 1673 ultra
698 1641 878 1674 centum
913 1627 1051 1687 pedes
1088 1628 1186 1672 sunt
1211 1662 1224 1680 ‚
1273 1627 1474 1685 rependo
1513 1638 1587 1671 aut
1621 1614 1819 1671 natando
1856 1626 2094 1673 inservien-

393 1714 488 1759 τρες
526 1704 776 1764 superiores
811 1718 958 1751 tamen
996 1703 1208 1750 tredecim
1245 1704 1299 1749 ab
1337 1702 1624 1749 inferioribus
1659 1702 1938 1763 aliquantum
1960 1703 2094 1752 struc-

391 1780 489 1826 tura
526 1779 811 1828 differebant.

450 1855 575 1901 Tubi
618 1857 695 1915 ipsi
731 1853 1004 1900 extrinsecus
1038 1851 1281 1910 admodum
1319 1863 1444 1896 erant
1479 1848 1724 1909 inaequales
1757 1848 1808 1898 &
1842 1851 1950 1899 hinc
1984 1851 2091 1899 inde

387 1929 680 1976 minutiffimis
717 1930 994 1984 Sertulariis‚
1042 1927 1285 1974 Corallinis
1320 1925 1372 1972 <Sc
1406 1926 1640 1985 Alcyoniis
1676 1929 1864 1987 operti,
1913 1929 1986 1976 sed
2021 1931 2089 1976 in·

384 2017 457 2051 tus
497 2019 586 2052 tam
621 2008 737 2066 aequi
775 2006 1028 2065 laevesque,
1075 2018 1123 2050 ut
1160 2004 1270 2050 nihil
1304 2003 1454 2062 supra:
1501 2003 1653 2049 Tertia
1686 2005 1920 2049 minimum
1958 2018 2091 2064 parte

385 2083 564 2128 animali
600 2083 696 2142 ipso
731 2081 992 2144 longi0re5‚
1029 2078 1079 2127 δε
1119 2080 1293 2126 inferne
1330 2080 1460 2124 etiam
1499 2091 1624 2124 erant
1655 2092 1885 2139 patentes:
1922 2079 2091 2126 Utrum

381 2169 491 2202 vero
537 2157 635 2205 haec
679 2167 884 2217 apertura
929 2155 1114 2200 inferior
1159 2153 1369 2199 naturalis
1417 2152 1518 2212 ipfis
1566 2151 1652 2210 fit,
1699 2155 1754 2200 ad
1802 2168 2088 2203 excrementa

383 2230 636 2291 ejicienda3
684 2249 738 2279 an
787 2247 894 2279 vero
941 2232 1044 2278 inde
1090 2229 1250 2277 effecta
1285 2230 1459 2285 fuerit,
1506 2230 1630 2289 quod
1668 2245 1691 2275 a
1726 2231 1814 2276 bafi
1850 2233 1923 2278 sua
1959 2242 2084 2276 erant

384 2307 618 2364 dissoluti,
664 2311 872 2372 ignorare
920 2323 990 2354 me
1035 2308 1214 2353 fateor:
1265 2307 1466 2366 quamvis
1510 2308 1704 2366 primum
1737 2306 1846 2350 mihi
1881 2305 2083 2353 videatur

383 2385 788 2441 verifimillimum3
839 2387 942 2445 quia
988 2385 1042 2430 ab
1088 2385 1290 2431 inferiori
1335 2384 1410 2429 illa
1445 2397 1570 2443 parte
1605 2386 1739 2428 etiam
1774 2384 1956 2428 minime
1993 2383 2081 2430 laefi

381 2471 457 2503 aut
492 2457 625 2504 laccri
661 2459 956 2514 vitlebantur3
994 2458 1043 2507 ἃ
1080 2461 1184 2519 quia
1219 2458 1362 2520 ipsum
1398 2459 1578 2506 Animal
1614 2461 1658 2505 in
1687 2459 1772 2505 fine
1798 2460 1976 2515 caudae,
2012 2460 2082 2506 in-

381 2546 446 2579 ter
482 2533 582 2580 duae
621 2535 852 2579 tubercula
879 2569 892 2590 ‚
936 2547 1185 2594 aperturam
1212 2569 1225 2591 ‚
1275 2534 1506 2595 ejiciendis
1545 2537 1829 2581 cxtrelnentis
1855 2570 1868 2592 ‚
1911 2535 2076 2581 habere

379 2611 622 2658 videbatur.
687 2610 780 2672 Qui
815 2612 891 2658 lias
928 2612 983 2657 ad
1019 2627 1091 2659 me
1126 2611 1377 2673 adportavit
1410 2611 1737 2673 Scolopcndras
1767 2613 1993 2667 Piscator,
2032 2613 2075 2659 se

1930 2702 2064 2735 etiam
