2262 3182
368 160 431 208 82
789 152 1590 205 OPUSCULA

368 288 548 350 piscinis
583 282 815 346 impoliti,
850 286 1085 347 propagati
1118 284 1215 332 sunt
1239 319 1264 341 ‚,
1287 300 1381 346 quo
1415 286 1561 340 faeto,
1597 288 1646 335 in
1667 285 1778 334 alios
1801 287 1935 339 etiam
1965 285 2054 339 Eu·

368 378 478 427 ropae
513 363 723 424 regiones
759 358 865 413 missi
887 394 903 419 ‚
938 361 1235 406 innotuerunt
1270 362 1386 424 (s).

434 469 573 513 Anno
614 472 767 527 1758,
803 463 954 526 mense
986 463 1278 520 Novembri,
1311 465 1553 511 duodecim
1585 465 1746 511 horum
1779 465 1964 525 piscium
1998 480 2055 514 ex

373 542 541 603 Anglia
575 543 683 589 mihi
717 540 873 587 adlatis
896 573 911 596 ,
948 541 1053 584 octo
1088 540 1165 584 uni
1185 571 1200 593 ‚
1234 551 1426 597 quatuor
1457 538 1584 583 alteri
1617 539 1736 584 horti
1767 541 1856 584 mei
1889 533 2055 586 vivario

372 617 528 664 inmisi.
606 617 771 663 Praeter
807 628 1037 675 quatuor,
1083 629 1199 673 quos
1233 614 1390 660 diebus
1421 613 1594 673 aliquot
1626 612 1867 673 interjthis
1889 645 1904 669 ,
1937 627 2061 659 mor-

376 702 478 738 tuos
515 689 561 735 &
584 689 845 737 flutftuantes
867 689 1010 747 reperi
1033 720 1048 742 ‚
1083 701 1322 745 numquam
1349 702 1427 732 eos
1451 688 1608 733 iterum
1631 686 1857 746 conspexi.
1929 684 2058 739 Hanc

373 765 667 811 calamitatem
703 766 799 811 aliis
831 766 962 810 etiam
985 763 1068 808 hos
1087 761 1329 821 pisciculos
1349 761 1529 822 piscinis
1552 763 1635 809 suis
1657 762 1924 823 impolituris
1945 762 2062 805 acci·

374 840 483 886 disse
517 840 702 895 audivi:²
739 853 881 900 eaque
905 872 920 894 ,
956 850 1052 882 mea
1087 837 1268 896 quidem
1303 836 1563 893 sentcntiu3
1590 838 1705 883 hanc
1736 838 1852 883 forte
1885 835 2061 886 causam

374 912 539 960 habere
573 914 746 960 videtur
769 947 784 968 ,
819 911 944 970 quod
978 910 1217 970 pisciculi,
1252 925 1278 955 e
1302 909 1422 956 fitula
1459 913 1505 956 in
1539 926 1697 971 aquam
1721 911 1841 957 effufi
1867 944 1883 967 ,
1906 924 2059 963 terro-

377 999 426 1032 re
458 986 645 1046 perculfi
680 986 884 1033 celeriter
923 984 1055 1030 nimis
1085 982 1272 1027 fundum
1309 994 1506 1042 petunt,
1553 979 1594 1026 δι
1641 981 1703 1025 ibi
1738 993 1824 1025 tam
1856 980 1943 1027 alte
1985 983 2062 1028 de·

376 1062 503 1107 mersi
527 1062 726 1117 haerent,
752 1075 800 1107 ut
826 1061 935 1106 limo
962 1059 1003 1105 sc
1026 1059 1235 1117 expedire
1260 1073 1482 1117 nequeant
1501 1092 1514 1113 ‚
1537 1057 1609 1102 sed
1632 1058 1676 1102 in
1699 1071 1757 1102 eo
1777 1046 2062 1104 suffocentur.

379 1134 501 1181 Hinc
537 1136 668 1182 satius
704 1137 855 1194 postea
889 1136 1030 1187 duxi,
1070 1132 1235 1177 fitulam
1272 1146 1373 1176 cum
1397 1131 1591 1189 piscibus
1612 1129 1710 1174 funi
1732 1129 1949 1191 alligatam
1975 1145 2063 1177 tam

383 1208 462 1254 diu
498 1209 576 1254 sub
609 1210 793 1269 piscinae
827 1222 936 1268 aqua
970 1205 1214 1264 suspensam
1243 1218 1433 1262 tenete,
1471 1205 1619 1249 donec
1654 1203 1813 1261 sponte
1848 1204 1926 1250 suo
1961 1220 2062 1251 ena·

381 1294 537 1327 tarent.

449 1386 610 1432 Mense
645 1387 841 1433 (Deiotari
878 1385 999 1431 Anni
1032 1384 1238 1443 proxime
1273 1382 1495 1442 sequentis
1525 1395 1661 1442 1759.
1693 1380 1803 1426 alios
1826 1381 2064 1429 duodecim

383 1466 438 1512 ad
472 1479 543 1509 me
576 1463 733 1508 allatos
767 1465 843 1509 uni
876 1460 927 1508 ἃ
961 1460 1105 1506 eidem
1144 1459 1310 1504 vivario
1344 1457 1547 1517 imposui.
1626 1456 1852 1503 Perillam
1874 1456 2068 1516 asperam

387 1546 488 1590 satis
521 1543 725 1600 hyemem
749 1572 764 1594 ‚
809 1538 943 1584 hosce
977 1533 1217 1595 pisciculos
1238 1567 1254 1589 ‚
1289 1535 1380 1580 sole
1416 1534 1570 1580 sereno
1594 1568 1612 1592 ,
1649 1533 1727 1579 sub
1759 1533 1900 1595 glacie
1936 1537 2070 1587 etiam

391 1631 594 1666 natantes
619 1649 633 1670 ‚
678 1613 827 1659 videre
860 1611 1099 1670 aliquoties
1145 1608 1252 1654 mihi
1287 1611 1516 1672 contigit‘,
1562 1611 1665 1669 quia
1701 1622 1813 1668 aqua
1852 1622 2071 1671 perquam

392 1702 486 1740 erat
518 1687 718 1749 limpida.

457 1797 621 1844 Mense
643 1792 888 1842 Februario
911 1793 1032 1838 Anni
1062 1792 1194 1851 1750.
1233 1790 1306 1836 sex
1331 1788 1402 1835 alii
1425 1789 1478 1834 ad
1503 1803 1573 1835 me
1598 1788 1938 1848 deferebantur,
1961 1805 2084 1884 quo*

398 1887 495 1920 rum
530 1871 621 1918 duo
647 1907 660 1929 ,
697 1870 851 1931 paucis
882 1867 980 1926 post
1013 1866 1170 1912 diebus
1207 1867 1525 1912 moriebantur.

469 1977 559 2039 (E
594 1976 786 2024 sedecim
821 1975 890 2020 his
923 1969 1147 2032 pisciculis
1181 1982 1338 2015 onmes
1373 1970 1460 2013 mei
1494 1970 1721 2029 progeniti
1754 1968 1911 2031 sunt.)

479 2081 625 2141 Aprili
660 2079 710 2126 δε
747 2079 873 2138 MaJ'o
910 2076 1130 2123 menfibus
1163 2074 1365 2134 quotidie
1398 2085 1678 2132 emergentes
1699 2106 1714 2127 ,
1759 2084 1920 2130 panem
1945 2105 1960 2129 ‚
2003 2076 2081 2133 qui

407 2164 452 2206 in
485 2157 696 2218 piscinam
729 2153 817 2199 illis
847 2153 1102 2196 mittebatur
1124 2186 1137 2208 ,
1175 2150 1222 2193 in
1253 2144 1487 2206 superficie
1521 2157 1648 2201 aquae
1679 2143 1918 2190 comedere
1948 2144 2083 2191 affue-

411 2237 604 2284 scebant.
624 2287 627 2289 .

1872 2294 2082 2341 Exeunte

467 2450 547 2496 (s)
581 2446 663 2484 Hie
686 2445 722 2481 in
744 2442 875 2480 Ilollav
880 2440 916 2478 di
908 2455 939 2478 α
959 2439 988 2477 ll
995 2438 1128 2477 lustiis
1159 2438 1277 2475 Comes
1305 2437 1406 2475 BEN
1422 2445 1620 2474 TINKIU
1634 2447 1677 2483 S,
1711 2433 1894 2483 Toparchae
1914 2440 1952 2475 in
1969 2436 2088 2475 Rhoon

420 2507 466 2554 ἑὸ)
495 2509 704 2558 Pendregt‚
738 2505 778 2542 &
808 2504 928 2553 Ampl
935 2500 1092 2540 iffimus
1121 2501 1173 2540 D
1200 2500 1468 2537 CLIFFORD
1493 2523 1503 2543 ,
1541 2494 1658 2544 primi
1686 2497 1726 2533 in
1759 2492 1918 2544 piscinis
1945 2497 2026 2536 suis
2045 2509 2088 2536 a-

419 2571 610 2615 luerunt,
636 2578 717 2605 non
745 2575 843 2601 xero
874 2563 1026 2608 adhuc,
1056 2571 1097 2608 qi
1087 2571 1163 2599 illal
1168 2569 1250 2598 tuli
1279 2556 1383 2605 scio,
1414 2556 1620 2605 propagati
1647 2555 1747 2594 sunt.
