2262 3182
638 203 1524 259 suassscivA.
1893 230 1948 277 15

321 343 441 390 Mihi
473 341 576 388 ideo
609 338 787 386 videtur
811 372 828 397 ,
875 335 1140 383 animalcula
1166 369 1180 392 ‚
1227 350 1330 395 quae
1369 342 1528 386 cortici
1563 341 1866 391 Coralliorum
1903 344 1955 396 <Sc

255 419 637 479 Lithophytorum
681 417 909 471 infident‚
957 429 1062 462 eum
1099 414 1319 459 corticem
1365 414 1411 458 in
1446 418 1688 465 rotundum
1733 420 1952 478 effecisse,

254 497 368 543 adeo
404 507 452 539 ut
487 507 644 540 cortex
676 492 752 538 ille
786 491 834 537 fit
872 504 1043 539 tantum
1071 488 1331 536 cellularum
1360 492 1626 552 congel·i<38‚
1662 509 1770 551 quas
1793 497 1951 560 polypi

250 573 522 620 inhabitant:
557 569 736 629 qualem
760 572 892 616 etiam
916 569 1164 620 corticem,
1199 564 1374 611 cellulis
1396 563 1610 623 plenum,
1647 566 1950 618 habitaculum

251 646 652 700 animalculorum,
687 645 973 693 infidentium
996 645 1130 701 fuco,
1168 640 1328 703 Algae,
1364 639 1599 696 Concffis,
1636 642 1782 699 testis,
1822 644 1954 693 &1110

251 724 426 771 terdum
451 721 661 768 omnibus
684 721 804 768 duris
830 725 874 769 in
900 723 1010 767 mari
1033 719 1303 778 corporibus
1329 716 1736 763 animadvertimus.
1805 718 1956 779 MaJ‘o·

246 799 370 861 jores
402 811 548 844 autem
584 797 780 855 species,
816 813 918 857 quae
952 799 997 843 in
1020 796 1223 856 apicibus
1253 793 1559 839 Coi-alliorum
1582 794 1633 842 ὅ(
1658 793 1954 853 Madrep01·a‹›

250 890 347 932 rum
382 874 674 920 inveniuntur
695 906 710 927 ‚
771 872 872 920 sunt
908 888 1050 936 genus
1082 870 1263 932 prorsus
1298 870 1517 917 diversum
1552 869 1955 926 animalculorum,

248 951 571 1012 pertinentium
601 946 748 994 forsan
783 950 839 1003 ad
861 950 1059 1010 polypos
1085 961 1286 995 natantes
1310 946 1381 992 vel
1407 946 1508 1008 (e)
1535 947 1714 995 Urticas
1735 949 1952 1004 marinas,

253 1043 357 1087 quae
392 1026 602 1071 cavitates
637 1024 682 1070 in
717 1027 920 1085 apicibus
957 1025 1262 1072 Cot-alliorum
1311 1022 1604 1068 commodum
1650 1023 1955 1071 habitaculum

250 1097 561 1154 offendentes,
595 1100 830 1159 irrepunt,
867 1102 913 1147 in
950 1100 1088 1160 iisque
1112 1099 1308 1163 degunt,
1348 1098 1487 1145 veluti
1508 1097 1778 1155 Cancellus,
1814 1099 1947 1146 Bem-

248 1175 418 1221 hordus
450 1175 650 1221 Eremita
686 1174 860 1235 dictus,
896 1178 942 1223 in
985 1177 1139 1223 obvias
1172 1177 1329 1221 inanes
1365 1173 1580 1220 Conchas
1604 1175 1872 1238 ingreditur:
1909 1172 1956 1220 id

248 1263 399 1295 autem
431 1250 486 1296 ab
510 1250 600 1296 hoc
637 1251 872 1308 cancello,
909 1264 1140 1310 utcunque
1163 1250 1315 1296 hebeti
1341 1250 1560 1309 rudique,
1596 1263 1693 1295 non
1715 1249 1843 1306 casu,
1880 1248 1955 1295 sed

249 1325 368 1384 quasi
409 1326 543 1371 animi
577 1326 793 1384 consilio,
822 1322 880 1375 s&
915 1327 971 1372 de
1006 1326 1217 1373 industria
1250 1326 1450 1373 efficitur.
1522 1325 1568 1372 Si
1606 1326 1727 1372 enim
1754 1327 1958 1385 quinque

249 1399 320 1447 vel
344 1399 416 1446 sex
442 1400 659 1461 ejusmodi
693 1401 937 1449 Cancellos
962 1417 1017 1448 ex
1048 1403 1238 1449 conchis
1267 1404 1392 1448 vivos
1417 1401 1725 1456 extrahamus,
1760 1400 1960 1447 conchas

250 1477 531 1536 inordinate,
584 1494 677 1525 non
716 1480 877 1539 procul
901 1496 924 1525 a
955 1480 1183 1526 Cancellis
1222 1495 1470 1539 ponamus,
1507 1480 1698 1538 quilibet
1720 1484 1883 1528 iterum
1905 1484 1952 1527 in

253 1553 400 1610 suam,
439 1569 533 1601 non
571 1556 619 1601 ‘in
652 1554 833 1602 alterius
867 1557 1033 1614 irrepet
1066 1555 1323 1602 concham:
1369 1553 1536 1600 sublata
1570 1567 1718 1601 autem
1753 1556 1956 1613 concha,

255 1628 497 1677 Cancellus
538 1643 698 1693 magna
732 1646 835 1677 cum
869 1631 1102 1693 diligentia
1134 1628 1185 1678 ἃ
1223 1631 1446 1676 anxietate
1487 1627 1605 1674 suam
1640 1633 1815 1688 quaerit.
1882 1632 1962 1681 De

252 1704 335 1749 hac
358 1704 543 1761 aliisque
566 1706 696 1764 hujus
723 1707 929 1748 Cancelli
955 1707 1308 1760 proprietatibus
1335 1704 1556 1760 prolixius
1579 1718 1704 1767 agam
1721 1741 1735 1763 ,
1775 1708 1960 1766 quando

251 1778 475 1826 historiam
501 1779 749 1823 naturalem
776 1777 1105 1822 nonnullorum
1134 1777 1391 1822 animalium
1416 1777 1667 1836 expediam.
1909 1778 1912 1779 ⁷

312 1856 559 1903 Piscatores
586 1855 732 1901 Maris
757 1854 1085 1901 Mediterranei
1110 1852 1211 1916 (f)
1239 1851 1289 1900 ἃ
1316 1853 1341 1915 <
1354 1853 1425 1915 g)
1453 1852 1827 1912 Septentrionalis
1840 1856 1884 1902 in
1902 1869 1953 1904 ea

251 1934 528 1979 conveniunt
564 1933 814 1991 opinione,
851 1929 1053 1976 Corallia
1087 1930 1306 1993 progigni
1341 1943 1396 1974 ex
1427 1928 1567 1975 lactea
1601 1930 1791 1989 quadam
1816 1945 1956 1978 mate-

254 2011 343 2067 ria,
393 2011 624 2070 praecipue
666 2024 721 2055 ex
755 2008 957 2068 apicibus
990 2006 1198 2053 effluente
1224 2043 1236 2065 ‚
1285 2008 1331 2052 in
1367 2021 1534 2066 corpus
1567 2007 1743 2053 firmum
1778 2007 1958 2067 illapsa,

254 2101 355 2145 quae
392 2086 498 2132 dum
536 2102 637 2132 cuin
675 2101 788 2145 aqua
822 2087 989 2131 marina
1014 2099 1106 2132 non
1131 2084 1369 2139 misectur,
1405 2098 1522 2129 nova
1558 2082 1757 2129 Corallia
1788 2084 1961 2144 produ·

251 2164 340 2217 cit:,
374 2162 598 2208 interdum
635 2163 689 2208 ad
725 2162 861 2209 latera
899 2161 1110 2219 effluens,
1148 2174 1342 2219 corpora
1375 2158 1494 2218 quafi
1519 2158 1756 2205 Corallino
1781 2161 1954 2206 cortice

253 2239 464 2296 investit,
512 2240 676 2299 absque
710 2241 802 2287 ulla
833 2254 1057 2288 ramorum
1096 2236 1322 2284 einiffione
1363 2235 1481 2300 (h).
1539 2235 1750 2284 Nobiliff.
1787 2235 1959 2282 Comes

259 2334 263 2337 ·
1786 2309 1957 2356 MAR-

305 2424 390 2478 (ε)
423 2428 471 2466 Ε.
503 2427 784 2465 PONToPPmAN
804 2423 913 2462 tradit
933 2422 968 2463 se
994 2422 1119 2463 vidiffe
1139 2424 1179 2462 in
1200 2435 1306 2462 ramo
1346 2420 1598 2460 Coralliorum
1621 2449 1634 2469 ,
1664 2421 1773 2459 flores
1792 2417 1950 2459 denario

253 2489 421 2538 majores.
471 2492 563 2530 Nat.
586 2487 671 2526 hist.
694 2501 765 2526 von
785 2488 968 2539 Norweg.
993 2490 1023 2529 Ι.
1535 2496 1539 2499 ”

306 2549 390 2600 (f)
423 2551 666 2590 MARsrchs
691 2547 851 2586 Histoire
873 2547 917 2586 de
937 2549 971 2587 la
992 2551 1091 2589 Met.
1114 2558 1199 2599 pag.
1227 2558 1424 2595 115--121.

303 2610 390 2661 (ἕ)
422 2611 472 2648 Ε.
495 2612 776 2651 ΡοΝΤοΡΡΙῡΑΝ
797 2611 914 2649 Natut
937 2608 1064 2648 histor.
1085 2622 1158 2646 von
1179 2611 1409 2656 Notwegen.
1430 2604 1517 2644 Vol.
1543 2607 1575 2644 Ι.
1599 2617 1685 2657 pag.
1708 2609 1798 2658 284.

300 2669 395 2721 (h)
428 2671 668 2710 Mansromus
706 2671 786 2708 loco
817 2670 940 2709 citato.
991 2670 1072 2709 Hoc
1095 2670 1330 2709 admirabile
1358 2666 1479 2717 visum
1510 2666 1776 2720 estDomro,
1803 2673 1843 2712 in
1864 2671 1957 2712 Ηι’ίὲΘ

250 2732 341 2772 Nae.
361 2730 406 2770 de
427 2730 462 2770 la
482 2731 569 2771 Mer
590 2731 734 2772 Adriat.
753 2741 839 2784 pag.
861 2742 927 2782 43.
