2262 3182
541 173 1419 226 susssEcivA.
1733 197 1818 246 103

192 306 357 353 Verum
393 316 441 351 ut
474 307 823 364 pernoscamus,
858 323 944 368 qua
978 310 1152 354 ratione
1179 310 1220 353 se
1248 311 1455 356 adtexere
1480 324 1641 370 queat,
1676 327 1816 361 mem-

131 386 197 430 bri
236 385 361 444 hujus
400 381 615 429 struciura
640 418 655 441 ,
705 396 919 443 quantum
957 381 1052 426 fieri
1088 380 1255 440 potest,
1299 381 1363 426 est
1398 386 1699 433 examinanda.

195 459 468 518 Reperimus
504 472 629 513 eam,
674 459 720 503 in
756 460 878 503 recio
915 456 1185 503 valvularum
1220 456 1385 512 later03
1425 458 1544 503 fimul
1584 477 1633 507 ac
1671 468 1816 522 aperi„

116 548 186 580 tur
220 535 456 593 Mytulus,
490 534 661 580 dimidii
696 534 830 593 plane
865 533 1044 594 pollicis
1078 532 1394 594 longitudine,
1432 532 1615 581 duarum
1651 541 1720 584 vix
1754 541 1811 587 11-

118 625 297 656 nearum
334 610 602 666 latitudine,
651 612 782 656 unius
818 610 1000 656 crassitie
1028 644 1040 664 ,
1079 609 1247 655 coloris
1285 608 1474 654 subfusci
1510 610 1623 655 fabis
1656 615 1812 661 Arabi-

78 702 81 705 ·
117 689 181 733 cis
217 686 450 750 (Coffe‘e)
485 687 748 733 tostis-haud
793 687 998 732 absimilis
1043 686 1117 732 est.
1187 686 1354 732 Praeter
1384 688 1527 731 varios
1552 721 1566 741 ,
1618 702 1730 747 quos
1766 695 1810 738 in

118 763 333 808 inferiore
370 762 662 822 parrehabec
693 762 919 808 musculos
956 762 1056 824 (c),
1094 763 1345 822 quibusque
1382 764 1564 817 eiidem,
1600 779 1690 827 quo
1729 783 1809 812 nos·

115 837 316 899 linguam
351 840 396 884 in
434 852 536 894 ore,
575 839 928 896 quaquaversum
965 836 1010 883 &
1047 841 1170 884 omni
1197 841 1366 895 modo,
1405 853 1669 886 convertere
1694 842 1734 887 se
1759 858 1808 888 ac

113 912 388 959 confletffiere
423 914 596 958 ratione
628 913 800 971 potest,
838 916 882 959 in
920 915 1148 972 superiore
1183 917 1315 960 etiam
1350 916 1581 975 superficie
1615 931 1638 960 a
1662 917 1808 962 radice

112 991 169 1036 ad
204 1004 291 1036 tres
323 989 617 1051 longitudinis
642 991 908 1048 quadrantes
934 990 1120 1035 fill'uram
1144 992 1305 1044 habet,
1329 991 1380 1037 ῥ’(
1403 993 1464 1036 ibi
1490 995 1534 1036 in
1562 991 1807 1055 oblongam

116 1065 172 1113 ἃ.
203 1066 359 1111 leviter
394 1068 730 1114 extuberante-m
768 1081 1019 1128 aperturam
1056 1066 1245 1112 delinit:
1281 1066 1462 1112 Fiss'urae
1491 1066 1616 1125 hujus
1642 1065 1804 1124 latera,

107 1139 317 1205 binorum
353 1141 573 1189 labiorum
611 1144 774 1201 instar,
808 1145 964 1191 leviter
998 1144 1315 1204 propendent,
1354 1140 1639 1203 quorumque
1663 1142 1804 1187 labio—

112 1230 209 1261 rum
243 1218 406 1264 auxilio
440 1220 674 1268 humorem
711 1226 756 1270 in
793 1224 865 1269 fila
898 1222 1323 1286 congelascentem,
1373 1233 1397 1263 e
1432 1216 1721 1277 receptaculo
1757 1217 1802 1260 in

109 1293 197 1337 ima
243 1295 430 1339 membri
475 1295 601 1357 hujus
648 1311 771 1357 parte
820 1299 1104 1354 constituto,
1151 1295 1315 1341 sursum
1352 1293 1521 1354 pellere
1565 1292 1759 1351 mytulus
1786 1326 1800 1346 ,

108 1381 302 1427 eumque
337 1369 463 1415 alteri
499 1376 781 1431 quantumvis
818 1374 1043 1421 laevissimo
1080 1373 1289 1432 corpori,
1327 1370 1474 1426 donec
1511 1370 1572 1416 fili
1609 1369 1802 1415 solidita-

110 1457 199 1489 tem
233 1446 538 1504 acquisiverit,
574 1449 826 1508 adprimere
863 1451 985 1510 poffe
1021 1450 1211 1497 videtur.

174 1518 381 1576 Mytulus
416 1523 535 1566 enim
570 1522 611 1567 se
648 1524 905 1570 adtexturus
931 1561 942 1581 ‚
991 1523 1183 1570 valvulas
1209 1554 1223 1578 ,
1270 1534 1319 1566 ut
1352 1517 1478 1580 supra
1513 1523 1800 1577 monuimus,

108 1595 311 1653 aperiens
337 1628 350 1649 ,
396 1595 550 1658 lingua
595 1598 768 1645 exserta
811 1597 1162 1657 quaquaversum
1199 1597 1350 1642 onmia
1386 1598 1562 1658 tangit,
1607 1595 1656 1644 ἃ
1695 1597 1800 1642 loco

107 1670 277 1715 idoneo
314 1682 523 1728 reperto,
558 1684 655 1715 eam
679 1704 693 1728 ‚
732 1673 778 1715 in
815 1685 902 1728 qua
935 1669 1077 1714 fissura
1111 1672 1401 1726 terminatur,
1438 1670 1484 1717 &
1518 1687 1650 1731 parva
1682 1674 1801 1732 quasi

103 1746 444 1805 protuberantia
481 1744 570 1799 est,
607 1745 776 1805 linguae
811 1757 982 1803 partem
1018 1744 1235 1802 adponit,
1269 1743 1321 1791 ὃς
1342 1746 1615 1806 aliquamdiu
1639 1751 1800 1795 immo-

101 1823 188 1867 rari
223 1820 417 1879 patitur,
454 1831 548 1877 quo
582 1816 733 1874 sadio,
773 1831 875 1862 cum
911 1816 1109 1879 linguam
1132 1820 1246 1864 intra
1278 1820 1404 1865 testas
1427 1823 1640 1879 retrahit,
1674 1823 1802 1869 filum

102 1910 273 1944 textum
308 1895 612 1954 conspicitur,
650 1893 695 1941 δί
730 1895 888 1951 locus,
926 1910 1018 1954 quo
1054 1895 1100 1941 id
1125 1897 1309 1954 corpori
1335 1897 1564 1960 alligatum
1592 1899 1681 1955 est,
1714 1913 1804 1944 ma-

92 1975 218 2022 culae
254 1973 368 2021 albae
402 1973 609 2019 rotundae
644 1971 716 2019 vel
753 1973 891 2019 ovalis
928 1972 1122 2032 speciem
1149 1974 1344 2032 -prae'oet,

168 2049 273 2096 Hoc
297 2086 309 2107 ‚
356 2050 532 2108 quoties
567 2049 745 2096 libitum
783 2050 843 2096 est
867 2082 880 2105 ,
929 2052 1130 2110 repetit,
1177 2062 1278 2097 raro
1313 2065 1422 2098 vero
1456 2049 1583 2111 plura
1608 2085 1621 2106 ,
1669 2065 1802 2110 quam

105 2130 212 2185 tria,
252 2138 444 2185 quatuor
474 2126 545 2172 vel
580 2128 780 2186 quinque
813 2127 975 2172 eodem
1014 2127 1086 2173 die
1122 2128 1194 2174 fila
1229 2127 1440 2184 deducit,
1478 2128 1618 2188 spatio
1656 2141 1803 2173 tamen

104 2204 321 2262 temporis
356 2201 537 2260 quidem
573 2203 752 2265 triginta
797 2202 866 2249 vel
904 2203 1195 2266 quadraginta
1220 2236 1235 2259 ,
1284 2204 1446 2263 quibus
1483 2217 1575 2250 tum
1613 2217 1660 2250 ut
1697 2204 1801 2249 toti-

106 2278 206 2324 dem
239 2275 552 2321 anchoralibus
589 2278 782 2342 irretitus
814 2280 946 2340 jacet.

140 2351 375 2411 ‘Mytulus
409 2365 518 2399 vero
554 2348 688 2398 semel
724 2352 780 2399 fic
816 2354 966 2402 affixus
1002 2354 1090 2402 sese
1125 2355 1375 2414 resolvere,
1411 2366 1487 2403 aut
1522 2353 1656 2401 semel
1689 2353 1797 2400 due-

1753 2439 1795 2471 ta

161 2561 241 2608 (c‘)
268 2557 373 2596 Vide
401 2570 453 2597 m:
481 2558 629 2599 HEYDE
659 2559 901 2598 Anatomen
931 2560 1199 2610 Mytulorum
1229 2569 1319 2608 pag.
1353 2567 1416 2607 24,
1450 2558 1516 2606 fig.
1548 2557 1585 2596 6,
1618 2558 1685 2597 ubi
1710 2568 1790 2595 una

107 2632 203 2661 cum
232 2620 364 2660 siffuru
394 2619 484 2659 satis
513 2628 715 2660 accurate
744 2618 951 2661 delineata
982 2621 1050 2659 est.
