2262 3182
337 165 1895 271 TABnLARUw1EXPL1CAT10.45

198 340 297 405 Fig.
332 341 395 389 V.
430 342 533 388 Alia
566 337 778 393 cochlea,
827 349 910 381 ova
944 332 999 379 ad
1047 334 1292 397 marginem
1339 337 1436 381 vitri
1479 352 1657 397 ponens
1690 339 1756 400 B,
1791 354 1894 402 quae

260 417 567 477 microscopio
601 415 808 462 videntur
842 413 889 457 in
925 410 981 456 C.

192 489 292 555 Fig.
326 491 405 537 VI.
443 492 614 539 Ramus
652 487 933 541 Sermlariae,
967 486 1040 530 cui
1075 485 1281 544 quaedam
1322 487 1468 533 ovaria
1505 488 1588 550 (h)
1623 489 1760 537 affixa.

189 583 226 614 c.
262 566 460 627 Quidam
495 569 659 627 Polypi
692 566 796 611 huic
832 576 955 609 ramo
991 560 1242 608 inficientes.

184 641 359 690 Eadem
393 645 695 704 micros'copio
736 641 847 690 Visa
893 639 1111 685 delineata
1148 638 1246 685 sunt
1280 641 1325 684 in
1360 640 1397 687 B
1421 675 1438 698 ‚
1487 650 1589 684 cum
1624 639 1885 697 quibusdam

1511 716 1538 733 ἢ,

247 721 524 767 animalculis
560 736 615 766 ex
648 721 742 765 ovis
778 717 906 776 hujus
943 718 1080 761 ovarii
1115 716 1459 776 prodeuntibus.
1497 722 1553 763 t„

183 794 279 859 Fig.
316 798 362 845 V
368 798 424 844 Il.
460 797 576 843 Aliae
614 793 864 841 Sertulariae
901 807 1077 851 ramUS,
1113 795 1186 839 cui
1223 795 1370 842 ovaria
1404 793 1668 854 pedunculo
1692 794 1885 841 innuen<

246 876 333 930 tia,
372 887 496 920 erant
531 872 665 918 affixa.
702 873 803 934 (b).

177 950 229 995 B.
269 948 379 995 Haec
416 951 567 995 ovaria
600 947 722 994 lente
757 947 929 993 oculari
967 945 1065 993 visa.

179 1020 235 1066 C.
249 1037 285 1067 c.
319 1021 480 1081 Polypi
514 1022 644 1082 hujus
679 1023 946 1069 Sertulariae.

174 1093 239 1141 D.
275 1095 473 1156 Polypus
497 1133 511 1153 ,
557 1098 745 1144 fortiore
791 1111 919 1158 aquae
953 1095 1174 1143 infusione
1201 1130 1214 1153 ,
1257 1110 1312 1143 ex
1347 1096 1510 1144 cellula
1543 1097 1711 1144 excisus
1733 1131 1750 1156 ‚
1796 1112 1876 1158 per

241 1186 400 1232 aquam
434 1175 574 1221 libere
606 1189 776 1223 natans,

173 1246 274 1310 Fig.
311 1248 439 1296 VIII.
476 1250 777 1309 Alcyonhlm,
825 1250 986 1297 Pulmo
1024 1253 1219 1297 marmus
1255 1249 1424 1297 dmum
1450 1285 1464 1307 ,
1515 1253 1588 1297 cui
1623 1264 1779 1297 mucus
1814 1249 1876 1296 al-

237 1324 321 1369 bus
345 1358 359 1379 ,
404 1323 537 1369 instar
572 1327 785 1370 cremoris
820 1324 947 1371 laffls
971 1360 986 1380 ,
1032 1326 1288 1373 adhaerebat
1311 1359 1324 1373 ,
1362 1326 1438 1383 qui
1473 1327 1776 1386 microscopio
1811 1327 1876 1371 vi-

236 1397 331 1454 sus,
369 1399 569 1443 ovarium
606 1398 691 1444 effe
726 1400 992 1458 apparebat,
1031 1399 1176 1445 forsan
1215 1397 1517 1455 Balanorum,
1555 1401 1657 1457 quia
1693 1399 1873 1459 plurimi

233 1471 357 1528 parvi
389 1470 544 1516 Balani
581 1471 645 1530 Β,
685 1472 989 1531 microscopio
1028 1485 1201 1520 tantum
1235 1469 1669 1528 discernendi‚huic
1703 1473 1873 1531 Alcyo-

233 1547 311 1592 nio
346 1545 612 1593 inficiebant..

830 1699 951 1748 Tabu
974 1700 1018 1748 Ia
1054 1701 1205 1750 Sexta.

158 1856 256 1921 Fig.
292 1856 326 1902 Ι.
363 1854 613 1916 Desumpta
648 1855 709 1901 est
735 1888 749 1911 ‚
795 1869 851 1902 ex
895 1855 1056 1919 Effays
1099 1857 1189 1904 and
1222 1856 1516 1920 ohservations
1549 1858 1752 1921 Phyfical
1781 1862 1869 1908 and

226 1933 470 1995 Litterary.
511 1932 577 1978 80.
615 1933 778 1979 Edinb.
817 1933 911 1980 Vol.
948 1935 1017 1981 II.
1047 1947 1152 1996 pag.
1205 1939 1248 1986 8.
1282 1933 1334 1983 &
1365 1934 1653 1995 repraesentat
1683 1937 1869 2001 Favagi-

221 2025 330 2057 nem
371 2010 562 2057 Buccini
608 2009 843 2071 ampullat}
875 2024 899 2056 a
934 2008 1021 2060 D0.
1061 2011 1276 2059 GARDEN
1323 2025 1378 2058 ex
1425 2010 1642 2057 Carolina
1675 2012 1868 2059 Aust;·ali

223 2086 407 2133 miffam.

154 2160 212 2207 A.
246 2161 299 2206 B.
333 2161 388 2207 C.
425 2160 487 2207 D.
522 2160 865 2224 Ligamentum‚
906 2161 1089 2209 cellulas
1124 2163 1254 2224 hujus
1289 2163 1515 2226 favaginis*
1547 2166 1856 2221 connetstens,

219 2237 442 2297 ejusdem,
476 2237 600 2297 cujus
634 2237 837 2296 cellulae,
881 2237 1131 2286 substantiae
1168 2240 1241 2286 sed
1276 2240 1464 2288 durioris
1497 2240 1549 2289 δε
1584 2240 1808 2287 craffioris.

157 2310 216 2358 E.
251 2312 430 2359 Cellula
465 2314 637 2376 integra
671 2329 754 2373 per
787 2315 1134 2376 transparentem
1167 2319 1471 2365 membranam
1508 2330 1720 2365 contenta
1752 2318 1861 2365 buc-

225 2389 325 2432 cina
358 2387 533 2447 praebet
567 2387 770 2434 videnda.

156 2460 210 2507 F.
248 2461 427 2507 Cellula
457 2477 634 2523 aperta,
667 2464 950 2525 buccinaque
986 2470 1031 2515 in
1067 2469 1141 2516 illa
1173 2484 1407 2519 contenta.

155 2538 217 2585 G.
254 2536 391 2583 Parva
425 2539 641 2598 buccina,
679 2554 734 2584 ex
768 2540 929 2586 cellula
962 2556 1152 2589 exemta.

156 2610 255 2674 Fig.
305 2612 360 2658 II.
420 2613 730 2674 Repraescntat
776 2613 1045 2678 Favaginem
1090 2618 1282 2666 Buccini
1325 2619 1587 2681 ampullati,
1635 2620 1846 2669 clavicula

215 2687 404 2748 sulcata,
438 2704 526 2737 una
559 2706 683 2752 parte
715 2691 927 2754 cujusque
962 2695 1084 2741 orbis
1110 2697 1155 2743 in
1178 2697 1361 2758 planum
1388 2699 1651 2759 compressa.
1684 2698 1842 2744 Listcr‚

967 2771 1007 2819 F
1041 2787 1068 2834 3
1772 2774 1839 2819 Pl.
