2262 3182
616 165 960 230 s'usssss
1027 181 1066 231 E
1134 140 1264 231 e‘1
1331 182 1377 231 v
1441 185 1495 235 A.
1836 208 1896 255 57

224 307 313 355 hoc
345 318 546 354 centrum
580 307 729 355 fauces
764 311 849 357 five
872 326 923 357 os
946 312 1144 358 animalis
1167 313 1442 362 constituere
1467 314 1639 363 videtur
1660 349 1675 373 ‚
1707 331 1796 383 ego
1820 337 1895 369 ve·

224 397 276 429 ro
311 397 394 428 nec
429 383 530 428 vivo
564 396 649 427 nec
682 397 863 429 mortuo
895 386 1072 430 animali
1111 386 1245 454 ullam
1280 389 1322 433 in
1347 403 1404 433 eo
1427 404 1672 448 aperturam
1699 397 1893 454 reperire

223 459 367 517 potui.
451 457 502 501 ln
545 456 768 500 radiorum
813 455 1088 517 singulorum
1137 458 1289 502 medio
1322 460 1574 521 irregularia
1608 467 1892 515 inveniuntur

221 531 442 583 tentacula
466 565 480 586 ,
515 531 869 575 membranarum
906 531 1036 577 instar
1061 567 1074 587 ‚
1111 547 1212 591 quae
1245 534 1290 578 in
1328 535 1503 581 animali
1537 540 1792 596 quiescente
1814 543 1891 589 de·

219 604 365 651 orsum
402 603 601 663 pendent
625 636 640 658 ‚
675 601 728 645 ad
751 602 1008 649 interiorem
1033 617 1173 662 usque
1198 606 1457 666 marginem.

284 709 355 756 Ex
387 709 576 754 circuitu
610 699 787 764 centri,
823 711 867 755 in
901 723 993 768 quo
1017 708 1124 753 radii
1148 722 1425 756 concurrunt
1449 745 1462 766 ,
1497 712 1637 770 maior
1670 716 1890 775 ejusmodi

216 772 476 831 membrana
513 788 738 847 emergit,
775 784 848 831 sed
884 785 1100 830 fimbriata
1136 783 1219 829 five
1254 785 1414 844 plicata
1439 820 1451 844 ‚
1488 802 1587 846 quae
1620 791 1672 835 ad
1699 798 1890 841 exterio-

218 874 312 907 rem
348 861 590 922 marginem
627 860 882 906 extenditur
904 893 920 917 ‚
957 859 1221 918 semperque
1257 861 1302 905 in
1339 860 1527 908 duorum
1553 864 1776 912 radiorum
1804 885 1895 917 me-

217 936 295 982 dio
331 935 534 981 deorsum
569 935 751 994 pendet.
823 934 935 982 Haec
969 936 1223 980 membrana
1255 936 1371 982 forte
1395 973 1409 994 ,
1445 954 1574 998 aeque
1598 955 1648 986 ac
1672 944 1852 1004 reliquae
1877 982 1892 1003 ‚

217 1011 428 1058 tentaculi
461 1009 595 1056 instar
622 1044 639 1068 ,
686 1010 899 1057 alimento
933 1013 1057 1071 prius
1091 1011 1442 1070 comple&endo
1474 1015 1526 1062 ἃ
1557 1018 1888 1076 prehendendo

206 1085 407 1131 inservit.

280 1167 445 1226 Praeter
474 1173 557 1220 hos
591 1174 739 1220 radios
771 1189 904 1236 atque
939 1180 1158 1225 tentacula
1194 1181 1354 1226 intimo
1386 1184 1430 1227 in
1464 1197 1658 1244 corpore
1692 1188 1786 1232 vasa
1810 1190 1893 1235 five

216 1254 376 1308 linere,
411 1250 668 1296 obscuriore
701 1251 856 1297 colore
889 1268 912 1297 a
946 1269 1138 1313 corpore
1162 1257 1463 1303 discernendae
1487 1294 1502 1317 ,
1541 1261 1891 1320 conspiciuntur.

1909 1242 1993 1291 Fig.
2018 1244 2065 1282 ll.

215 1329 332 1375 Aliae
366 1341 390 1371 e
424 1323 606 1370 decuffis
643 1326 793 1388 medio
816 1360 829 1379 ,
867 1326 963 1373 aliae
996 1329 1179 1375 inferius
1211 1332 1327 1376 inter
1349 1332 1495 1378 radios
1522 1368 1535 1387 ‚
1571 1332 1616 1378 &
1644 1339 1766 1381 tenui
1792 1343 1891 1397 qui·
1949 1319 1985 1369 f·
2006 1320 2041 1367 s·

215 1403 317 1459 dem
353 1400 437 1446 five
471 1399 656 1460 angusto
691 1401 877 1446 exordio
909 1403 1165 1461 prodeunt,
1199 1403 1249 1451 ὃς
1281 1405 1434 1450 senfim
1458 1406 1635 1454 latiores
1658 1409 1786 1457 factae
1810 1414 1886 1459 sub

211 1477 411 1538 margine
446 1474 659 1519 interiore
696 1475 914 1521 definunt.

276 1563 482 1622 Proxime
517 1566 621 1618 huic
656 1574 880 1635 margini,
916 1575 988 1619 cui
1024 1575 1245 1620 tentacula
1269 1575 1536 1634 cohaerent,
1574 1581 1765 1629 citculus
1791 1589 1887 1644 qui-

212 1653 313 1698 dam
348 1653 522 1707 tenuis,
559 1649 815 1701 muscularis
839 1681 853 1703 ,
891 1646 937 1704 &
966 1663 989 1693 e
1012 1648 1200 1709 duobus¹
1226 1652 1322 1697 aliis
1355 1655 1531 1716 circulis
1551 1659 1823 1716 compositus
1845 1662 1889 1708 se

203 1725 357 1775 offert.
422 1727 572 1774 Fibrae
606 1724 813 1785 quaedam
847 1723 976 1768 1ectae
1003 1756 1016 1777 ‚
1051 1717 1308 1771 breviffimae
1333 1759 1347 1781 ,
1382 1729 1610 1786 aequisque
1644 1732 1888 1782 intervallis
1959 1789 1971 1797 ‚
2019 1793 2023 1796 ἢ

211 1800 416 1847 distantes
439 1837 453 1859 ,
499 1800 668 1846 coloris
703 1798 824 1849 rubri
857 1795 1181 1856 pulcherrimi,
1226 1798 1295 1844 his
1330 1800 1508 1868 duobus
1540 1805 1719 1853 circulis
1753 1811 1885 1859 inter-

208 1876 362 1939 pofitae
381 1877 509 1935 esunt.
577 1876 700 1922 Inter
732 1875 846 1921 duos
873 1873 956 1919 hos
979 1874 1172 1920 circulos
1201 1875 1371 1922 macula
1397 1879 1599 1936 quaedam
1621 1882 1789 1942 major,
1827 1901 1884 1933 εε-

179 1959 182 1963 “
209 1967 297 2014 que
331 1949 579 1998 rubicunda
613 1964 663 1994 ac
699 1949 851 2002 fibrae,
887 1951 1111 2004 cernitur,
1145 1949 1289 1995 forsan
1316 1951 1534 2016 pun-&um
1559 1954 1695 2001 fixum
1719 1972 1880 2008 motus.

208 2025 268 2096 Hi
301 2026 457 2072 circuli
490 2025 627 2068 rubro
661 2022 740 2067 suo
776 2023 932 2069 colore
966 2025 1024 2069 ab
1058 2023 1153 2068 aliis
1177 2027 1374 2084 partibus
1398 2025 1631 2085 distincti,
1665 2030 1887 2082 solidioris

166 2105 173 2109 ’
207 2092 337 2146 etiam
360 2098 472 2144 sunt
495 2097 766 2142 substantiae
836 2096 896 2141 Et
929 2099 1108 2155 quoties
1140 2100 1300 2146 animal
1335 2101 1419 2147 hos
1441 2104 1702 2160 contrahit,
1737 2107 1882 2155 forma

1950 1917 1984 1955 d,

207 2175 298 2235 ejus
343 2173 475 2233 plane
521 2185 747 2225 mutatur,
795 2169 846 2218 ὃ(
879 2185 905 2216 e
941 2170 1078 2230 plano
1112 2175 1352 2221 orbiculari
1386 2178 1546 2222 conica
1579 2179 1649 2224 vel
1683 2140 2081 2226 convexaF¹g‘111·

163 2254 169 2259 ”
209 2247 422 2294 dimidiati
456 2244 585 2291 instar
621 2243 745 2305 globi
780 2244 979 2290 efficitur.
1057 2244 1148 2292 Etfi
1186 2248 1374 2294 Medusa
1409 2250 1534 2314 digiti
1569 2254 1794 2301 craffitiem
1826 2273 1883 2304 ae·

207 2337 349 2383 quet
387 2324 461 2367 vix
497 2334 616 2366 tanta
649 2320 708 2366 est
741 2322 895 2367 circuli
930 2335 1135 2382 apertura
1160 2361 1172 2382 ‚
1212 2341 1259 2371 ut
1294 2328 1480 2389 digitum
1517 2332 1706 2379 inserere
1735 2334 1880 2392 postis,

203 2395 383 2457 Animal
416 2394 497 2439 hac
529 2394 702 2438 ratione
736 2398 1034 2442 acuminatum
1066 2398 1150 2446 five
1185 2403 1395 2449 conicum
1431 2406 1592 2453 saelum
1620 2439 1634 2464 ,
1666 2421 1722 2454 co
1758 2408 1877 2455 cele·

208 2475 297 2520 rius
331 2486 490 2531 aquam
523 2463 786 2532 percurrere
818 2473 946 2520 valet.

274 2576 1169 2626 Tom.11.H
1806 2589 1878 2634 113.
