<?xml version="1.0" encoding="UTF-8"?>
<!DOCTYPE html PUBLIC "-//W3C//DTD XHTML 1.0 Transitional//EN"
    "http://www.w3.org/TR/xhtml1/DTD/xhtml1-transitional.dtd">
<html xmlns="http://www.w3.org/1999/xhtml" xml:lang="en" lang="en">
 <head>
  <title>
</title>
<meta http-equiv="Content-Type" content="text/html;charset=utf-8" />
  <meta name='ocr-system' content='tesseract 3.04.00' />
  <meta name='ocr-capabilities' content='ocr_page ocr_carea ocr_par ocr_line ocrx_word'/>
</head>
<body>
  <div class='ocr_page' id='page_1' title='image "./jobibasteriopusc00bast_0256.png"; bbox 0 0 2262 3182; ppageno 0'>
   <div class='ocr_carea' id='block_1_1' title="bbox 344 145 1558 232">
    <p class='ocr_par' dir='ltr' id='par_1_1' title="bbox 344 145 1558 232">
     <span class='ocr_line' id='line_1_1' title="bbox 344 145 1558 232; baseline -0.011 0"><span class='ocrx_word' id='word_1_1' title='bbox 344 181 407 232; x_wconf 63' lang='grc' dir='ltr'>ει</span> <span class='ocrx_word' id='word_1_2' title='bbox 764 145 1558 221; x_wconf 64' lang='lat' dir='ltr'><strong>OP&#39;USCULA</strong></span> 
     </span>
    </p>
   </div>
   <div class='ocr_carea' id='block_1_2' title="bbox 346 296 2026 590">
    <p class='ocr_par' dir='ltr' id='par_1_2' title="bbox 346 296 2026 590">
     <span class='ocr_line' id='line_1_2' title="bbox 346 296 2022 370; baseline -0.005 -17"><span class='ocrx_word' id='word_1_3' title='bbox 346 308 470 370; x_wconf 83' lang='lat' dir='ltr'>gium</span> <span class='ocrx_word' id='word_1_4' title='bbox 504 315 702 364; x_wconf 79' lang='lat' dir='ltr'>quaerere</span> <span class='ocrx_word' id='word_1_5' title='bbox 724 335 739 357; x_wconf 88' lang='lat'><em>‚</em></span> <span class='ocrx_word' id='word_1_6' title='bbox 777 302 972 347; x_wconf 83' lang='lat' dir='ltr'>cernitur</span> <span class='ocrx_word' id='word_1_7' title='bbox 998 315 1013 355; x_wconf 89' lang='grc'>.·,</span> <span class='ocrx_word' id='word_1_8' title='bbox 1085 299 1234 346; x_wconf 84' lang='lat' dir='ltr'>donec</span> <span class='ocrx_word' id='word_1_9' title='bbox 1265 299 1318 345; x_wconf 83' lang='lat' dir='ltr'>ad</span> <span class='ocrx_word' id='word_1_10' title='bbox 1344 301 1474 345; x_wconf 89' lang='lat' dir='ltr'>trium</span> <span class='ocrx_word' id='word_1_11' title='bbox 1496 300 1591 345; x_wconf 87' lang='lat' dir='ltr'>fere</span> <span class='ocrx_word' id='word_1_12' title='bbox 1612 296 1827 359; x_wconf 85' lang='lat' dir='ltr'>pollicum</span> <span class='ocrx_word' id='word_1_13' title='bbox 1851 297 2022 360; x_wconf 83' lang='lat' dir='ltr'>magni-</span> 
     </span>
     <span class='ocr_line' id='line_1_3' title="bbox 353 375 2026 438; baseline -0.005 -10"><span class='ocrx_word' id='word_1_14' title='bbox 353 386 549 429; x_wconf 82' lang='lat' dir='ltr'>tudinem</span> <span class='ocrx_word' id='word_1_15' title='bbox 584 393 877 425; x_wconf 83' lang='lat' dir='ltr'>accreverunt</span> <span class='ocrx_word' id='word_1_16' title='bbox 903 411 918 435; x_wconf 89' lang='lat'>,</span> <span class='ocrx_word' id='word_1_17' title='bbox 958 376 1005 423; x_wconf 65' lang='grc' dir='ltr'>ἃ</span> <span class='ocrx_word' id='word_1_18' title='bbox 1037 376 1175 438; x_wconf 83' lang='lat' dir='ltr'>agiles</span> <span class='ocrx_word' id='word_1_19' title='bbox 1202 376 1468 435; x_wconf 80' lang='lat' dir='ltr'><strong>celeresque</strong></span> <span class='ocrx_word' id='word_1_20' title='bbox 1494 375 1591 420; x_wconf 83' lang='lat' dir='ltr'>satis</span> <span class='ocrx_word' id='word_1_21' title='bbox 1616 375 1714 419; x_wconf 84' lang='lat' dir='ltr'>sunt</span> <span class='ocrx_word' id='word_1_22' title='bbox 1737 407 1751 426; x_wconf 48' lang='lat'>2</span> <span class='ocrx_word' id='word_1_23' title='bbox 1786 389 1885 433; x_wconf 85' lang='lat' dir='ltr'>quae</span> <span class='ocrx_word' id='word_1_24' title='bbox 1907 377 2026 434; x_wconf 80' lang='lat' dir='ltr'>peri-</span> 
     </span>
     <span class='ocr_line' id='line_1_4' title="bbox 351 445 2022 508; baseline -0.007 -6"><span class='ocrx_word' id='word_1_25' title='bbox 351 458 500 507; x_wconf 69' lang='lat' dir='ltr'>culuzn</span> <span class='ocrx_word' id='word_1_26' title='bbox 537 457 704 499; x_wconf 81' lang='lat' dir='ltr'>evitent</span> <span class='ocrx_word' id='word_1_27' title='bbox 741 452 785 498; x_wconf 71' lang='grc' dir='ltr'>ἀ</span> <span class='ocrx_word' id='word_1_28' title='bbox 820 451 1015 497; x_wconf 82' lang='lat' dir='ltr'>natando</span> <span class='ocrx_word' id='word_1_29' title='bbox 1050 453 1094 495; x_wconf 88' lang='lat' dir='ltr'>in</span> <span class='ocrx_word' id='word_1_30' title='bbox 1131 464 1272 495; x_wconf 87' lang='lat' dir='ltr'>tutum</span> <span class='ocrx_word' id='word_1_31' title='bbox 1308 450 1568 508; x_wconf 79' lang='lat' dir='ltr'>perveniant</span> <span class='ocrx_word' id='word_1_32' title='bbox 1595 480 1609 499; x_wconf 80' lang='grc'>,</span> <span class='ocrx_word' id='word_1_33' title='bbox 1654 448 1835 506; x_wconf 84' lang='lat' dir='ltr'>quando</span> <span class='ocrx_word' id='word_1_34' title='bbox 1872 445 1915 492; x_wconf 78' lang='lat' dir='ltr'>se</span> <span class='ocrx_word' id='word_1_35' title='bbox 1949 446 2022 492; x_wconf 82' lang='lat' dir='ltr'>tali</span> 
     </span>
     <span class='ocr_line' id='line_1_5' title="bbox 349 520 2025 590; baseline -0.006 -16"><span class='ocrx_word' id='word_1_36' title='bbox 349 528 550 590; x_wconf 81' lang='lat' dir='ltr'>praefidio</span> <span class='ocrx_word' id='word_1_37' title='bbox 586 527 832 573; x_wconf 80' lang='lat' dir='ltr'>subducere</span> <span class='ocrx_word' id='word_1_38' title='bbox 865 524 1058 584; x_wconf 87' lang='lat' dir='ltr'>possunt.</span> <span class='ocrx_word' id='word_1_39' title='bbox 1126 522 1292 567; x_wconf 82' lang='lat' dir='ltr'>Forsan</span> <span class='ocrx_word' id='word_1_40' title='bbox 1318 523 1479 566; x_wconf 83' lang='lat' dir='ltr'>minuti</span> <span class='ocrx_word' id='word_1_41' title='bbox 1502 522 1546 565; x_wconf 88' lang='lat' dir='ltr'>hi</span> <span class='ocrx_word' id='word_1_42' title='bbox 1571 520 1772 580; x_wconf 76' lang='lat' dir='ltr'>pisciculi</span> <span class='ocrx_word' id='word_1_43' title='bbox 1802 552 1817 574; x_wconf 82' lang='lat'>‚</span> <span class='ocrx_word' id='word_1_44' title='bbox 1853 520 2025 565; x_wconf 58' lang='lat' dir='ltr'>insectis</span> 
     </span>
    </p>
   </div>
   <div class='ocr_carea' id='block_1_3' title="bbox 350 593 2025 730">
    <p class='ocr_par' dir='ltr' id='par_1_3' title="bbox 350 593 2025 730">
     <span class='ocr_line' id='line_1_6' title="bbox 353 593 2025 663; baseline -0.005 -15"><span class='ocrx_word' id='word_1_45' title='bbox 353 617 485 663; x_wconf 81' lang='lat' dir='ltr'>quam</span> <span class='ocrx_word' id='word_1_46' title='bbox 517 601 720 662; x_wconf 86' lang='lat' dir='ltr'>plurimis</span> <span class='ocrx_word' id='word_1_47' title='bbox 744 633 758 654; x_wconf 87' lang='lat'>‚</span> <span class='ocrx_word' id='word_1_48' title='bbox 794 614 897 660; x_wconf 71' lang='lat' dir='ltr'>quae</span> <span class='ocrx_word' id='word_1_49' title='bbox 930 597 1077 658; x_wconf 84' lang='lat' dir='ltr'>longis</span> <span class='ocrx_word' id='word_1_50' title='bbox 1110 596 1194 641; x_wconf 84' lang='lat' dir='ltr'>suis</span> <span class='ocrx_word' id='word_1_51' title='bbox 1228 595 1425 655; x_wconf 79' lang='lat' dir='ltr'>expansis</span> <span class='ocrx_word' id='word_1_52' title='bbox 1462 595 1696 641; x_wconf 82' lang='lat' dir='ltr'>tentaculis</span> <span class='ocrx_word' id='word_1_53' title='bbox 1734 595 1934 654; x_wconf 85' lang='lat' dir='ltr'>undique</span> <span class='ocrx_word' id='word_1_54' title='bbox 1967 593 2025 641; x_wconf 85' lang='lat' dir='ltr'>ad</span> 
     </span>
     <span class='ocr_line' id='line_1_7' title="bbox 350 669 1578 730; baseline -0.008 -6"><span class='ocrx_word' id='word_1_55' title='bbox 350 679 395 724; x_wconf 86' lang='lat' dir='ltr'>se</span> <span class='ocrx_word' id='word_1_56' title='bbox 427 676 605 723; x_wconf 83' lang='lat' dir='ltr'>attrahit</span> <span class='ocrx_word' id='word_1_57' title='bbox 642 673 833 720; x_wconf 81' lang='lat' dir='ltr'>Medusa</span> <span class='ocrx_word' id='word_1_58' title='bbox 856 706 871 729; x_wconf 89' lang='lat'>‚</span> <span class='ocrx_word' id='word_1_59' title='bbox 907 672 1115 729; x_wconf 80' lang='lat' dir='ltr'>inhiant,</span> <span class='ocrx_word' id='word_1_60' title='bbox 1152 672 1297 730; x_wconf 88' lang='lat' dir='ltr'>iisque</span> <span class='ocrx_word' id='word_1_61' title='bbox 1323 669 1578 714; x_wconf 81' lang='lat' dir='ltr'>vescuntur.</span> 
     </span>
    </p>
   </div>
   <div class='ocr_carea' id='block_1_4' title="bbox 170 753 2039 1277">
    <p class='ocr_par' dir='ltr' id='par_1_4' title="bbox 354 753 2034 1122">
     <span class='ocr_line' id='line_1_8' title="bbox 412 753 2021 820; baseline -0.005 -13"><span class='ocrx_word' id='word_1_62' title='bbox 412 762 554 808; x_wconf 86' lang='lat' dir='ltr'>Iidem</span> <span class='ocrx_word' id='word_1_63' title='bbox 592 772 804 820; x_wconf 64' lang='lat' dir='ltr'>praecerm</span> <span class='ocrx_word' id='word_1_64' title='bbox 843 757 1085 817; x_wconf 84' lang='lat' dir='ltr'>piscatores</span> <span class='ocrx_word' id='word_1_65' title='bbox 1118 756 1316 802; x_wconf 82' lang='lat' dir='ltr'>referunt</span> <span class='ocrx_word' id='word_1_66' title='bbox 1345 790 1361 810; x_wconf 86' lang='lat'>‚</span> <span class='ocrx_word' id='word_1_67' title='bbox 1406 756 1448 801; x_wconf 90' lang='lat' dir='ltr'>se</span> <span class='ocrx_word' id='word_1_68' title='bbox 1481 754 1629 802; x_wconf 89' lang='lat' dir='ltr'>mense</span> <span class='ocrx_word' id='word_1_69' title='bbox 1662 755 1841 801; x_wconf 84' lang='lat' dir='ltr'>demum</span> <span class='ocrx_word' id='word_1_70' title='bbox 1876 753 2021 814; x_wconf 86' lang='lat' dir='ltr'>Aprili</span> 
     </span>
     <span class='ocr_line' id='line_1_9' title="bbox 354 825 2034 895; baseline -0.005 -14"><span class='ocrx_word' id='word_1_71' title='bbox 354 836 425 882; x_wconf 84' lang='lat' dir='ltr'>vel</span> <span class='ocrx_word' id='word_1_72' title='bbox 449 833 574 895; x_wconf 72' lang='lat' dir='ltr'>Maio</span> <span class='ocrx_word' id='word_1_73' title='bbox 599 833 675 878; x_wconf 84' lang='lat' dir='ltr'>has</span> <span class='ocrx_word' id='word_1_74' title='bbox 701 831 914 879; x_wconf 85' lang='lat' dir='ltr'>Medusas</span> <span class='ocrx_word' id='word_1_75' title='bbox 938 834 1132 891; x_wconf 82' lang='lat' dir='ltr'>reperire</span> <span class='ocrx_word' id='word_1_76' title='bbox 1148 865 1162 886; x_wconf 85' lang='lat'><strong>‚</strong></span> <span class='ocrx_word' id='word_1_77' title='bbox 1198 831 1470 891; x_wconf 80' lang='lat' dir='ltr'>easdemque</span> <span class='ocrx_word' id='word_1_78' title='bbox 1499 843 1591 875; x_wconf 89' lang='lat' dir='ltr'>tum</span> <span class='ocrx_word' id='word_1_79' title='bbox 1618 828 1717 875; x_wconf 80' lang='lat' dir='ltr'>vola</span> <span class='ocrx_word' id='word_1_80' title='bbox 1740 844 1892 873; x_wconf 79' lang='lat' dir='ltr'>manus</span> <span class='ocrx_word' id='word_1_81' title='bbox 1915 825 2034 872; x_wconf 88' lang='lat' dir='ltr'>haud</span> 
     </span>
     <span class='ocr_line' id='line_1_10' title="bbox 355 901 2029 971; baseline -0.007 -13"><span class='ocrx_word' id='word_1_82' title='bbox 355 911 547 971; x_wconf 75' lang='lat' dir='ltr'>majores</span> <span class='ocrx_word' id='word_1_83' title='bbox 572 941 588 963; x_wconf 88' lang='lat'>,</span> <span class='ocrx_word' id='word_1_84' title='bbox 621 922 724 967; x_wconf 85' lang='lat' dir='ltr'>quae</span> <span class='ocrx_word' id='word_1_85' title='bbox 759 920 902 953; x_wconf 80' lang='lat' dir='ltr'>tamen</span> <span class='ocrx_word' id='word_1_86' title='bbox 937 907 1082 953; x_wconf 85' lang='lat' dir='ltr'>subito</span> <span class='ocrx_word' id='word_1_87' title='bbox 1105 908 1148 951; x_wconf 92' lang='lat' dir='ltr'>in</span> <span class='ocrx_word' id='word_1_88' title='bbox 1172 907 1422 966; x_wconf 61' lang='lat' dir='ltr'>praedictam</span> <span class='ocrx_word' id='word_1_89' title='bbox 1448 905 1612 951; x_wconf 83' lang='lat' dir='ltr'>molem</span> <span class='ocrx_word' id='word_1_90' title='bbox 1638 905 1899 950; x_wconf 81' lang='lat' dir='ltr'>accrescunt</span> <span class='ocrx_word' id='word_1_91' title='bbox 1921 936 1936 958; x_wconf 90' lang='lat'>‚</span> <span class='ocrx_word' id='word_1_92' title='bbox 1972 901 2029 947; x_wconf 80' lang='lat' dir='ltr'>ad</span> 
     </span>
     <span class='ocr_line' id='line_1_11' title="bbox 358 977 2033 1044; baseline -0.005 -11"><span class='ocrx_word' id='word_1_93' title='bbox 358 985 555 1035; x_wconf 85' lang='lat' dir='ltr'>mensem</span> <span class='ocrx_word' id='word_1_94' title='bbox 590 997 733 1044; x_wconf 83' lang='lat' dir='ltr'>usque</span> <span class='ocrx_word' id='word_1_95' title='bbox 766 982 1010 1028; x_wconf 62' lang='lat' dir='ltr'>Ossobrem</span> <span class='ocrx_word' id='word_1_96' title='bbox 1044 980 1130 1026; x_wconf 77' lang='lat' dir='ltr'>sive</span> <span class='ocrx_word' id='word_1_97' title='bbox 1153 981 1396 1026; x_wconf 83' lang='lat' dir='ltr'>adveniens</span> <span class='ocrx_word' id='word_1_98' title='bbox 1419 981 1560 1041; x_wconf 73' lang='lat' dir='ltr'>frigus</span> <span class='ocrx_word' id='word_1_99' title='bbox 1585 1013 1599 1036; x_wconf 91' lang='lat'>,</span> <span class='ocrx_word' id='word_1_100' title='bbox 1633 980 1815 1040; x_wconf 85' lang='lat' dir='ltr'>quando</span> <span class='ocrx_word' id='word_1_101' title='bbox 1841 977 2033 1039; x_wconf 77' lang='lat' dir='ltr'>putridae</span> 
     </span>
     <span class='ocr_line' id='line_1_12' title="bbox 356 1051 1968 1122; baseline -0.007 -16"><span class='ocrx_word' id='word_1_102' title='bbox 356 1059 476 1122; x_wconf 75' lang='lat' dir='ltr'>quasi</span> <span class='ocrx_word' id='word_1_103' title='bbox 512 1058 746 1114; x_wconf 82' lang='lat' dir='ltr'>videntur,</span> <span class='ocrx_word' id='word_1_104' title='bbox 780 1053 853 1112; x_wconf 84' lang='lat'>&amp;‚</span> <span class='ocrx_word' id='word_1_105' title='bbox 888 1054 1048 1100; x_wconf 83' lang='lat' dir='ltr'>leviter</span> <span class='ocrx_word' id='word_1_106' title='bbox 1082 1055 1399 1109; x_wconf 63' lang='lat' dir='ltr'>contrectatae,</span> <span class='ocrx_word' id='word_1_107' title='bbox 1435 1056 1477 1099; x_wconf 86' lang='lat' dir='ltr'>in</span> <span class='ocrx_word' id='word_1_108' title='bbox 1506 1051 1636 1098; x_wconf 80' lang='lat' dir='ltr'>frusta</span> <span class='ocrx_word' id='word_1_109' title='bbox 1659 1051 1968 1098; x_wconf 75' lang='lat' dir='ltr'>dissolvuntur.</span> 
     </span>
    </p>

    <p class='ocr_par' dir='ltr' id='par_1_5' title="bbox 170 1134 2039 1277">
     <span class='ocr_line' id='line_1_13' title="bbox 170 1134 2032 1199; baseline -0.005 -10"><span class='ocrx_word' id='word_1_110' title='bbox 170 1157 347 1199; x_wconf 76' lang='lat' dir='ltr'>Medusa</span> <span class='ocrx_word' id='word_1_111' title='bbox 428 1143 594 1189; x_wconf 85' lang='lat' dir='ltr'>Praeter</span> <span class='ocrx_word' id='word_1_112' title='bbox 630 1141 706 1187; x_wconf 84' lang='lat' dir='ltr'>has</span> <span class='ocrx_word' id='word_1_113' title='bbox 741 1153 829 1185; x_wconf 86' lang='lat' dir='ltr'>tres</span> <span class='ocrx_word' id='word_1_114' title='bbox 862 1150 1138 1182; x_wconf 78' lang='lat' dir='ltr'>enumeratas</span> <span class='ocrx_word' id='word_1_115' title='bbox 1176 1135 1463 1180; x_wconf 82' lang='lat' dir='ltr'>Medusarum</span> <span class='ocrx_word' id='word_1_116' title='bbox 1497 1136 1665 1195; x_wconf 87' lang='lat' dir='ltr'>species</span> <span class='ocrx_word' id='word_1_117' title='bbox 1689 1169 1702 1188; x_wconf 85' lang='lat'>‚</span> <span class='ocrx_word' id='word_1_118' title='bbox 1752 1134 1865 1194; x_wconf 84' lang='lat' dir='ltr'>saepe</span> <span class='ocrx_word' id='word_1_119' title='bbox 1900 1137 2032 1184; x_wconf 83' lang='lat' dir='ltr'>etiam</span> 
     </span>
     <span class='ocr_line' id='line_1_14' title="bbox 170 1205 2039 1277; baseline -0.005 -12"><span class='ocrx_word' id='word_1_120' title='bbox 170 1208 345 1248; x_wconf 77' lang='lat' dir='ltr'>minima.</span> <span class='ocrx_word' id='word_1_121' title='bbox 368 1221 413 1264; x_wconf 89' lang='lat' dir='ltr'>in</span> <span class='ocrx_word' id='word_1_122' title='bbox 447 1230 561 1277; x_wconf 82' lang='lat' dir='ltr'>aqua</span> <span class='ocrx_word' id='word_1_123' title='bbox 596 1216 760 1260; x_wconf 81' lang='lat' dir='ltr'>marina</span> <span class='ocrx_word' id='word_1_124' title='bbox 789 1209 991 1272; x_wconf 88' lang='lat' dir='ltr'>pufillum</span> <span class='ocrx_word' id='word_1_125' title='bbox 1018 1209 1106 1254; x_wconf 80' lang='lat' dir='ltr'>vidi</span> <span class='ocrx_word' id='word_1_126' title='bbox 1131 1205 1443 1252; x_wconf 84' lang='lat' dir='ltr'>animalculum</span> <span class='ocrx_word' id='word_1_127' title='bbox 1471 1239 1484 1260; x_wconf 89' lang='lat'><strong>‚</strong></span> <span class='ocrx_word' id='word_1_128' title='bbox 1521 1206 1658 1251; x_wconf 82' lang='lat' dir='ltr'>oculo</span> <span class='ocrx_word' id='word_1_129' title='bbox 1682 1206 1806 1252; x_wconf 84' lang='lat' dir='ltr'>nudo</span> <span class='ocrx_word' id='word_1_130' title='bbox 1832 1209 1903 1253; x_wconf 88' lang='lat' dir='ltr'>vix</span> <span class='ocrx_word' id='word_1_131' title='bbox 1928 1222 2039 1256; x_wconf 82' lang='lat' dir='ltr'>con-</span> 
     </span>
    </p>
   </div>
   <div class='ocr_carea' id='block_1_5' title="bbox 172 1278 2039 1496">
    <p class='ocr_par' dir='ltr' id='par_1_6' title="bbox 172 1278 2039 1496">
     <span class='ocr_line' id='line_1_15' title="bbox 224 1278 2037 1361; baseline -0.01 -19"><span class='ocrx_word' id='word_1_132' title='bbox 224 1322 335 1361; x_wconf 43' lang='lat' dir='ltr'>Tssb·</span> <span class='ocrx_word' id='word_1_133' title='bbox 369 1293 570 1353; x_wconf 87' lang='lat' dir='ltr'>spicuum</span> <span class='ocrx_word' id='word_1_134' title='bbox 596 1325 609 1346; x_wconf 95' lang='lat'>,</span> <span class='ocrx_word' id='word_1_135' title='bbox 651 1286 956 1343; x_wconf 83' lang='lat' dir='ltr'>microscopio</span> <span class='ocrx_word' id='word_1_136' title='bbox 989 1297 1098 1327; x_wconf 86' lang='lat' dir='ltr'>vero</span> <span class='ocrx_word' id='word_1_137' title='bbox 1130 1279 1439 1340; x_wconf 79' lang='lat' dir='ltr'>perlustratum</span> <span class='ocrx_word' id='word_1_138' title='bbox 1487 1278 1690 1326; x_wconf 86' lang='lat' dir='ltr'>Medusae</span> <span class='ocrx_word' id='word_1_139' title='bbox 1722 1279 1909 1327; x_wconf 84' lang='lat' dir='ltr'>formam</span> <span class='ocrx_word' id='word_1_140' title='bbox 1947 1297 2037 1330; x_wconf 86' lang='lat' dir='ltr'>ma.</span> 
     </span>
     <span class='ocr_line' id='line_1_16' title="bbox 172 1353 2039 1421; baseline -0.007 -12"><span class='ocrx_word' id='word_1_141' title='bbox 172 1372 268 1411; x_wconf 82' lang='lat' dir='ltr'>VII.</span> <span class='ocrx_word' id='word_1_142' title='bbox 292 1363 523 1421; x_wconf 82' lang='lat' dir='ltr'>fig.niseste</span> <span class='ocrx_word' id='word_1_143' title='bbox 545 1361 744 1420; x_wconf 86' lang='lat' dir='ltr'>prodens</span> <span class='ocrx_word' id='word_1_144' title='bbox 763 1393 780 1413; x_wconf 81' lang='grc'><strong>,</strong></span> <span class='ocrx_word' id='word_1_145' title='bbox 812 1356 858 1403; x_wconf 88' lang='lat'>&amp;</span> <span class='ocrx_word' id='word_1_146' title='bbox 880 1357 936 1402; x_wconf 82' lang='lat' dir='ltr'>fic</span> <span class='ocrx_word' id='word_1_147' title='bbox 959 1357 1080 1401; x_wconf 63' lang='lat' dir='ltr'>aneta</span> <span class='ocrx_word' id='word_1_148' title='bbox 1103 1354 1411 1416; x_wconf 82' lang='lat' dir='ltr'>magnitudine</span> <span class='ocrx_word' id='word_1_149' title='bbox 1435 1353 1725 1401; x_wconf 85' lang='lat' dir='ltr'>delineatum.</span> <span class='ocrx_word' id='word_1_150' title='bbox 1777 1354 2039 1415; x_wconf 84' lang='lat' dir='ltr'><strong>Numquam</strong></span> 
     </span>
     <span class='ocr_line' id='line_1_17' title="bbox 172 1424 1103 1496; baseline -0.012 -8"><span class='ocrx_word' id='word_1_151' title='bbox 172 1424 228 1461; x_wconf 73' lang='lat' dir='ltr'>V.</span> <span class='ocrx_word' id='word_1_152' title='bbox 251 1424 517 1484; x_wconf 65' lang='lat' dir='ltr'>A·B·autem</span> <span class='ocrx_word' id='word_1_153' title='bbox 551 1435 666 1482; x_wconf 85' lang='lat' dir='ltr'>hanc</span> <span class='ocrx_word' id='word_1_154' title='bbox 699 1434 907 1496; x_wconf 85' lang='lat' dir='ltr'>majorem</span> <span class='ocrx_word' id='word_1_155' title='bbox 941 1433 1103 1494; x_wconf 86' lang='lat' dir='ltr'>reperi.</span> 
     </span>
    </p>
   </div>
   <div class='ocr_carea' id='block_1_6' title="bbox 964 1602 1430 1682">
    <p class='ocr_par' dir='ltr' id='par_1_7' title="bbox 964 1602 1430 1682">
     <span class='ocr_line' id='line_1_18' title="bbox 964 1602 1430 1682; baseline -0.006 -17"><span class='ocrx_word' id='word_1_156' title='bbox 964 1605 1059 1665; x_wconf 76' lang='lat' dir='ltr'>De</span> <span class='ocrx_word' id='word_1_157' title='bbox 1112 1602 1430 1682; x_wconf 76' lang='lat' dir='ltr'>Aphroditis.</span> 
     </span>
    </p>
   </div>
   <div class='ocr_carea' id='block_1_7' title="bbox 367 1786 2059 2243">
    <p class='ocr_par' dir='ltr' id='par_1_8' title="bbox 367 1786 2055 2082">
     <span class='ocr_line' id='line_1_19' title="bbox 443 1786 2045 1851; baseline -0.002 -11"><span class='ocrx_word' id='word_1_158' title='bbox 443 1795 736 1842; x_wconf 61' lang='lat' dir='ltr'>meaeus</span> <span class='ocrx_word' id='word_1_159' title='bbox 781 1792 880 1839; x_wconf 82' lang='lat' dir='ltr'>haec</span> <span class='ocrx_word' id='word_1_160' title='bbox 917 1791 1119 1838; x_wconf 79' lang='lat' dir='ltr'>animalia</span> <span class='ocrx_word' id='word_1_161' title='bbox 1153 1789 1424 1850; x_wconf 80' lang='lat' dir='ltr'>Aphroditas</span> <span class='ocrx_word' id='word_1_162' title='bbox 1463 1786 1633 1844; x_wconf 78' lang='lat' dir='ltr'>v‘ocat‚</span> <span class='ocrx_word' id='word_1_163' title='bbox 1679 1802 1927 1851; x_wconf 86' lang='lat' dir='ltr'>eorumque</span> <span class='ocrx_word' id='word_1_164' title='bbox 1958 1788 2045 1837; x_wconf 85' lang='lat' dir='ltr'>hos</span> 
     </span>
     <span class='ocr_line' id='line_1_20' title="bbox 369 1868 2051 1935; baseline -0.001 -20"><span class='ocrx_word' id='word_1_165' title='bbox 369 1869 611 1916; x_wconf 68' lang='lat' dir='ltr'>mrasteres</span> <span class='ocrx_word' id='word_1_166' title='bbox 645 1872 851 1934; x_wconf 80' lang='lat' dir='ltr'>indicat,</span> <span class='ocrx_word' id='word_1_167' title='bbox 889 1869 1019 1935; x_wconf 63' lang='lat' dir='ltr'>Quod</span> <span class='ocrx_word' id='word_1_168' title='bbox 1049 1880 1195 1929; x_wconf 77' lang='lat' dir='ltr'>corpus</span> <span class='ocrx_word' id='word_1_169' title='bbox 1229 1869 1415 1914; x_wconf 78' lang='lat' dir='ltr'>habeam</span> <span class='ocrx_word' id='word_1_170' title='bbox 1452 1869 1571 1913; x_wconf 70' lang='lat' dir='ltr'>avale</span> <span class='ocrx_word' id='word_1_171' title='bbox 1597 1901 1612 1924; x_wconf 94' lang='lat'>,</span> <span class='ocrx_word' id='word_1_172' title='bbox 1648 1871 1842 1930; x_wconf 77' lang='lat' dir='ltr'>utrinque</span> <span class='ocrx_word' id='word_1_173' title='bbox 1874 1868 2051 1927; x_wconf 78' lang='lat' dir='ltr'>pedibus</span> 
     </span>
     <span class='ocr_line' id='line_1_21' title="bbox 367 1937 2055 2009; baseline -0.002 -20"><span class='ocrx_word' id='word_1_174' title='bbox 367 1945 566 2009; x_wconf 77' lang='lat' dir='ltr'>pluribus</span> <span class='ocrx_word' id='word_1_175' title='bbox 591 1979 606 2001; x_wconf 91' lang='lat'>‚</span> <span class='ocrx_word' id='word_1_176' title='bbox 644 1944 857 2007; x_wconf 77' lang='lat' dir='ltr'>fasciculo</span> <span class='ocrx_word' id='word_1_177' title='bbox 888 1945 1068 2000; x_wconf 69' lang='lat' dir='ltr'>setae-eo.</span> <span class='ocrx_word' id='word_1_178' title='bbox 1146 1941 1386 1989; x_wconf 80' lang='lat' dir='ltr'>Temacula</span> <span class='ocrx_word' id='word_1_179' title='bbox 1419 1942 1502 1985; x_wconf 83' lang='lat' dir='ltr'>oris</span> <span class='ocrx_word' id='word_1_180' title='bbox 1539 1943 1767 1999; x_wconf 78' lang='lat' dir='ltr'>bipartita.</span> <span class='ocrx_word' id='word_1_181' title='bbox 1840 1937 2055 2000; x_wconf 80' lang='lat' dir='ltr'>Duasque</span> 
     </span>
     <span class='ocr_line' id='line_1_22' title="bbox 374 2022 1041 2082; baseline -0.006 -15"><span class='ocrx_word' id='word_1_182' title='bbox 374 2034 545 2067; x_wconf 82' lang='lat' dir='ltr'>tantum</span> <span class='ocrx_word' id='word_1_183' title='bbox 586 2022 756 2082; x_wconf 89' lang='lat' dir='ltr'>species</span> <span class='ocrx_word' id='word_1_184' title='bbox 794 2032 1041 2065; x_wconf 81' lang='lat' dir='ltr'>enumerat.</span> 
     </span>
    </p>

    <p class='ocr_par' dir='ltr' id='par_1_9' title="bbox 382 2092 2059 2243">
     <span class='ocr_line' id='line_1_23' title="bbox 446 2092 2055 2167; baseline -0.007 -14"><span class='ocrx_word' id='word_1_185' title='bbox 446 2107 727 2167; x_wconf 74' lang='lat' dir='ltr'>Aphroclitam</span> <span class='ocrx_word' id='word_1_186' title='bbox 763 2105 929 2151; x_wconf 86' lang='lat' dir='ltr'>scilicet</span> <span class='ocrx_word' id='word_1_187' title='bbox 944 2105 1219 2166; x_wconf 69' lang='lat' dir='ltr'>squamatum</span> <span class='ocrx_word' id='word_1_188' title='bbox 1247 2133 1262 2155; x_wconf 89' lang='lat'><strong>‚</strong></span> <span class='ocrx_word' id='word_1_189' title='bbox 1294 2097 1380 2142; x_wconf 82' lang='lat' dir='ltr'>five</span> <span class='ocrx_word' id='word_1_190' title='bbox 1402 2092 1623 2157; x_wconf 65' lang='lat' dir='ltr'>oblongam</span> <span class='ocrx_word' id='word_1_191' title='bbox 1641 2128 1656 2152; x_wconf 94' lang='lat'>‚</span> <span class='ocrx_word' id='word_1_192' title='bbox 1693 2093 1811 2155; x_wconf 81' lang='lat' dir='ltr'><em>dorso</em></span> <span class='ocrx_word' id='word_1_193' title='bbox 1824 2093 2055 2156; x_wconf 72' lang='lat' dir='ltr'>squamata</span> 
     </span>
     <span class='ocr_line' id='line_1_24' title="bbox 382 2171 2059 2243; baseline -0.005 -15"><span class='ocrx_word' id='word_1_194' title='bbox 382 2181 496 2230; x_wconf 72' lang='lat' dir='ltr'>lavi.</span> <span class='ocrx_word' id='word_1_195' title='bbox 566 2181 625 2227; x_wconf 68' lang='lat' dir='ltr'>Et</span> <span class='ocrx_word' id='word_1_196' title='bbox 649 2182 931 2243; x_wconf 76' lang='lat' dir='ltr'>Aphrodimm</span> <span class='ocrx_word' id='word_1_197' title='bbox 955 2180 1195 2225; x_wconf 77' lang='lat' dir='ltr'>aculeatam</span> <span class='ocrx_word' id='word_1_198' title='bbox 1217 2175 1298 2237; x_wconf 70' lang='lat' dir='ltr'>sen</span> <span class='ocrx_word' id='word_1_199' title='bbox 1322 2174 1482 2219; x_wconf 79' lang='lat' dir='ltr'>ovalem</span> <span class='ocrx_word' id='word_1_200' title='bbox 1499 2206 1513 2227; x_wconf 88' lang='lat'>‚</span> <span class='ocrx_word' id='word_1_201' title='bbox 1534 2171 1768 2232; x_wconf 80' lang='lat' dir='ltr'>hirsutam,</span> <span class='ocrx_word' id='word_1_202' title='bbox 1802 2174 2059 2219; x_wconf 71' lang='lat' dir='ltr'>aculeatam.</span> 
     </span>
    </p>
   </div>
   <div class='ocr_carea' id='block_1_8' title="bbox 197 2267 2061 2415">
    <p class='ocr_par' dir='ltr' id='par_1_10' title="bbox 197 2267 2061 2415">
     <span class='ocr_line' id='line_1_25' title="bbox 197 2267 2059 2351; baseline -0.01 -22"><span class='ocrx_word' id='word_1_203' title='bbox 197 2301 359 2351; x_wconf 73' lang='lat' dir='ltr'>Aphro-</span> <span class='ocrx_word' id='word_1_204' title='bbox 456 2279 710 2325; x_wconf 82' lang='lat' dir='ltr'>Secundam</span> <span class='ocrx_word' id='word_1_205' title='bbox 746 2277 858 2322; x_wconf 81' lang='lat' dir='ltr'>hanc</span> <span class='ocrx_word' id='word_1_206' title='bbox 896 2275 1086 2335; x_wconf 84' lang='lat' dir='ltr'>speciem</span> <span class='ocrx_word' id='word_1_207' title='bbox 1121 2286 1204 2318; x_wconf 86' lang='lat' dir='ltr'>nos</span> <span class='ocrx_word' id='word_1_208' title='bbox 1240 2284 1383 2316; x_wconf 77' lang='lat' dir='ltr'>tamen</span> <span class='ocrx_word' id='word_1_209' title='bbox 1420 2270 1545 2329; x_wconf 85' lang='lat' dir='ltr'>prius</span> <span class='ocrx_word' id='word_1_210' title='bbox 1581 2267 1883 2313; x_wconf 85' lang='lat' dir='ltr'>describemus</span> <span class='ocrx_word' id='word_1_211' title='bbox 1908 2301 1923 2322; x_wconf 87' lang='lat'>,</span> <span class='ocrx_word' id='word_1_212' title='bbox 1955 2268 2059 2327; x_wconf 87' lang='lat' dir='ltr'>quia</span> 
     </span>
     <span class='ocr_line' id='line_1_26' title="bbox 197 2343 2061 2415; baseline -0.004 -11"><span class='ocrx_word' id='word_1_213' title='bbox 197 2352 532 2404; x_wconf 62' lang='lat' dir='ltr'>ditaacu*alteift</span> <span class='ocrx_word' id='word_1_214' title='bbox 565 2357 709 2402; x_wconf 85' lang='lat' dir='ltr'>multo</span> <span class='ocrx_word' id='word_1_215' title='bbox 743 2355 880 2415; x_wconf 68' lang='lat' dir='ltr'>major</span> <span class='ocrx_word' id='word_1_216' title='bbox 914 2354 973 2398; x_wconf 88' lang='lat' dir='ltr'>est</span> <span class='ocrx_word' id='word_1_217' title='bbox 997 2386 1011 2407; x_wconf 87' lang='lat'>‚</span> <span class='ocrx_word' id='word_1_218' title='bbox 1047 2350 1093 2398; x_wconf 84' lang='lat'>&amp;</span> <span class='ocrx_word' id='word_1_219' title='bbox 1125 2351 1228 2395; x_wconf 88' lang='lat' dir='ltr'>hinc</span> <span class='ocrx_word' id='word_1_220' title='bbox 1259 2349 1482 2393; x_wconf 66' lang='lat' dir='ltr'>structurae</span> <span class='ocrx_word' id='word_1_221' title='bbox 1519 2348 1603 2390; x_wconf 80' lang='lat' dir='ltr'>iuae</span> <span class='ocrx_word' id='word_1_222' title='bbox 1638 2343 1878 2394; x_wconf 63' lang='lat' dir='ltr'>&amp;armum</span> <span class='ocrx_word' id='word_1_223' title='bbox 1907 2376 1920 2396; x_wconf 62' lang='lat'>³</span> <span class='ocrx_word' id='word_1_224' title='bbox 1956 2355 2061 2387; x_wconf 71' lang='lat' dir='ltr'>cum</span> 
     </span>
    </p>
   </div>
   <div class='ocr_carea' id='block_1_9' title="bbox 199 2411 2063 2494">
    <p class='ocr_par' dir='ltr' id='par_1_11' title="bbox 199 2411 2063 2494">
     <span class='ocr_line' id='line_1_27' title="bbox 199 2411 2063 2494; baseline -0.005 -20"><span class='ocrx_word' id='word_1_225' title='bbox 199 2411 316 2440; x_wconf 58' lang='lat' dir='ltr'>icam.</span> <span class='ocrx_word' id='word_1_226' title='bbox 397 2438 547 2494; x_wconf 82' lang='lat' dir='ltr'>primae</span> <span class='ocrx_word' id='word_1_227' title='bbox 584 2433 747 2494; x_wconf 86' lang='lat' dir='ltr'>speciei</span> <span class='ocrx_word' id='word_1_228' title='bbox 780 2430 948 2477; x_wconf 77' lang='lat' dir='ltr'>artibus</span> <span class='ocrx_word' id='word_1_229' title='bbox 979 2427 1219 2474; x_wconf 81' lang='lat' dir='ltr'>admodum</span> <span class='ocrx_word' id='word_1_230' title='bbox 1254 2423 1619 2471; x_wconf 82' lang='lat' dir='ltr'>convenientium</span> <span class='ocrx_word' id='word_1_231' title='bbox 1642 2455 1656 2478; x_wconf 88' lang='lat'><strong>,</strong></span> <span class='ocrx_word' id='word_1_232' title='bbox 1695 2417 1926 2464; x_wconf 85' lang='lat' dir='ltr'>clariorem</span> <span class='ocrx_word' id='word_1_233' title='bbox 1950 2430 2063 2477; x_wconf 81' lang='lat' dir='ltr'>prae-</span> 
     </span>
    </p>
   </div>
   <div class='ocr_carea' id='block_1_10' title="bbox 395 2509 2062 2600">
    <p class='ocr_par' dir='ltr' id='par_1_12' title="bbox 395 2509 2062 2600">
     <span class='ocr_line' id='line_1_28' title="bbox 395 2509 1980 2556; baseline -0.006 -1"><span class='ocrx_word' id='word_1_234' title='bbox 395 2509 471 2555; x_wconf 85' lang='lat' dir='ltr'>bet</span> <span class='ocrx_word' id='word_1_235' title='bbox 504 2511 663 2556; x_wconf 84' lang='lat' dir='ltr'>ideam.</span> <span class='ocrx_word' id='word_1_236' title='bbox 1975 2540 1980 2545; x_wconf 85' lang='lat'>.</span> 
     </span>
     <span class='ocr_line' id='line_1_29' title="bbox 1885 2551 2062 2600; baseline -0.017 0"><span class='ocrx_word' id='word_1_237' title='bbox 1885 2551 2062 2600; x_wconf 80' lang='lat' dir='ltr'>Animal</span> 
     </span>
    </p>
   </div>
  </div>
 </body>
</html>
