2262 3182
395 221 455 267 05
857 215 1647 271 OPUSCULA

394 260 420 281 -.›

390 353 511 410 cipio
547 347 732 409 Augusti
766 348 890 393 vivos
924 346 1046 394 alunt
1079 347 1209 395 faetus
1245 349 1272 412 (
1285 351 1341 415 r)
1370 365 1385 407 ;
1431 351 1504 398 sed
1546 353 1749 415 plurimae
1793 356 2081 408 cochlearium.

367 425 553 484 ‘species
591 437 673 469 ova
708 424 1000 484 propignunt.

444 504 493 548 In
544 499 772 546 nonnullis
817 499 1054 558 quodlibet
1099 515 1233 547 ovum
1258 536 1272 558 ‚
1329 505 1545 564 peculIari
1583 509 1690 555 dura
1721 512 1978 560 membrana
2012 512 2074 559 est

378 578 627 625 obductum
655 612 669 633 ‚
718 577 853 623 veluti
902 591 984 623 ova
1028 577 1327 636 plurimorum
1362 581 1628 631 inseaorum
1666 588 1969 634 terrestrium:
2016 592 2075 633 ita

378 669 562 714 quoque
599 653 698 698 sunt
736 652 1106 713 Gammarorum‚
1145 657 1453 717 Cancrorum,
1490 662 1809 711 Cancellorum
1833 665 2072 720 Eremitae,

378 730 648 789 Squillarum
687 729 772 777 &c.
811 730 924 776 Ova.

442 807 648 852 Aliorum
686 821 790 852 vero
828 822 939 862 ova,
984 810 1046 854 uti
1082 810 1261 865 Rufini,
1310 810 1494 870 CoretI,
1543 811 1697 858 Baiani
1734 827 1995 862 acervantur
2029 815 2073 858 ln

377 883 524 944 specie
561 883 776 945 glutinis,
812 886 875 930 uti
905 885 1055 944 jacent
1093 903 1174 933 ova
1209 902 1430 934 ranarum.

440 959 734 1004 Pluriinarum
773 959 953 1005 aliarum
991 960 1294 1007 Cochlearum
1332 975 1439 1017 ova,
1478 972 1570 1005 tum
1604 959 1655 1007 δε
1689 961 1833 1020 saepIae
1870 963 1973 1024 (s)
2006 964 2078 1025 ja·-

374 1050 479 1083 cent
514 1038 559 1081 in
595 1036 796 1081 veficulis
831 1037 1181 1083 membranaceis
1208 1074 1219 1094 ‚
1285 1052 1387 1096 quae
1424 1036 1545 1082 fibris
1579 1039 1794 1084 uniuntur
1819 1070 1832 1090 ‚
1887 1035 1932 1081 δε
1979 1051 2073 1088 tum

372 1113 552 1172 Favago
601 1110 671 1156 vel
717 1113 936 1158 Μθῖὶσενίι
981 1125 1169 1158 vocatur
1214 1112 1328 1173 (t).
1400 1111 1451 1157 In
1498 1112 1696 1171 qualibet
1744 1111 1932 1157 vesicula
1977 1112 2075 1159 sunt

378 1189 728 1250 quinquaginta,
776 1188 999 1250 sexaginta
1033 1187 1103 1234 vel
1139 1187 1266 1247 plura
1301 1188 1459 1243 ovula,
1495 1188 1609 1233 adeo
1643 1202 1691 1233 ut
1726 1187 1898 1245 aliquot
1931 1187 2075 1232 mille-

374 1281 430 1312 na
463 1280 517 1311 ex
552 1265 807 1326 hujusmodi
843 1279 1005 1311 acervo
1038 1264 1286 1324 prodeant3
1324 1263 1423 1309 hoec
1460 1261 1624 1308 Ovaria
1661 1262 1902 1307 secundum
1935 1261 2076 1308 RUM—

373 1357 526 1390 Pmum
563 1344 669 1405 (v)
705 1346 750 1389 in
788 1343 927 1388 Indiis
963 1342 1281 1397 orientalibus,
1332 1342 1408 1386 ubi
1443 1340 1594 1400 plures
1632 1341 1677 1385 in
1713 1340 1941 1385 littoribus
1976 1339 2076 1385 sunt

375 1419 620 1476 Cochleae,
656 1433 788 1478 quam
823 1421 868 1464 ln
904 1419 1094 1480 Belgio,
1131 1419 1292 1464 incolis
1328 1416 1495 1464 cedunt
1528 1416 1709 1461 cibatui.

438 1496 701 1542 Admodum
738 1495 1042 1539 verofimiliter
1077 1495 1373 1551 suspicamur,
1419 1490 1665 1549 quamlibet
1705 1488 1939 1535 cochleam
1993 1503 2073 1548 pe-

375 1571 530 1618 culiari
566 1568 650 1615 effe
683 1569 932 1615 instructam
969 1569 1138 1614 ovatio.
1175 1566 1394 1630 Quaedam
1429 1566 1742 1617 inveniuntur,
1777 1578 1879 1622 quae
1907 1565 1967 1610 ob
1992 1564 2075 1609 fin„

375 1648 575 1712 gularem
608 1646 822 1693 fabricam
858 1644 1130 1691 admirabilia
1164 1642 1262 1686 sunt
1295 1641 1349 1685 δε
1382 1639 1598 1697 cognosci
1627 1652 1855 1684 merentur
1891 1639 2028 1700 (w).

439 1724 601 1769 Ovaria
637 1722 928 1767 Concharum
963 1715 1033 1762 vel
1070 1712 1373 1760 Cochlearum
1393 1745 1407 1767 ,
1440 1726 1542 1770 quae
1575 1711 1622 1758 in
1657 1712 1880 1758 littoribus
1908 1713 2071 1759 nostris

374 1800 473 1846 sunt
506 1798 727 1860 vulgaria,
769 1809 794 1840 a
826 1790 1150 1854 piscatoribUS,
1192 1788 1385 1835 Uvarum
1424 1786 1585 1829 racemi
1620 1785 1923 1844 appellantur:
1957 1790 2067 1836 olim

372 1874 669 1921 credebantur
703 1868 794 1915 ess‘e-
825 1867 994 1914 Plantae
1030 1866 1208 1911 marinae
1246 1861 1291 1909 &
1326 1860 1665 1921 appellabantur
1699 1864 1953 1927 Alc-yoniam
1981 1869 2066 1916 Vc-

363 1951 457 2014 fica
495 1951 700 1997 Mar-ina.

435 2026 558 2074 Duae
607 2027 777 2087 species
828 2021 1133 2070 Cochlearum
1178 2021 1225 2067 in
1268 2016 1427 2064 nostris
1470 2016 1695 2063 littoribus
1738 2019 2064 2068 inveniuntur:

1919 2096 2060 2157 maior

422 2192 447 2243 (
458 2190 511 2243 ν)
539 2192 812 2231 LEEwENnofflt
837 2187 957 2239 Epist.
987 2188 1048 2234 83.
1072 2184 1288 2226 Continuat.
1308 2195 1348 2234 4.

420 2255 503 2307 (s)
533 2255 860 2303 Natum-kundige
886 2253 1215 2300 Vel-handeliugen
1236 2250 1280 2296 hy
1297 2247 1484 2284 Houtm'n.
1514 2246 1614 2283 Part.
1639 2248 1669 2285 Ι.
1690 2257 1775 2297 pag„
1797 2257 1885 2297 379.

426 2317 449 2364 (
460 2315 509 2366 t)
540 2317 711 2366 Purpurae
723 2344 733 2361 ‚
755 2327 867 2351 verno
885 2325 1053 2363 tempore
1065 2341 1077 2358 ,
1090 2310 1123 2348 se
1142 2309 1354 2358 colligentes
1368 2308 1404 2343 in
1416 2306 1572 2343 eundem
1585 2307 1707 2345 locum
1721 2336 1732 2352 ,
1747 2307 1910 2347 condunt
1922 2334 1934 2352 ,
1948 2319 2060 2357 quam

367 2380 602 2429 Favaginem
626 2376 866 2430 ζΜελικηξοιν)
895 2388 1047 2419 vocant,
1077 2385 1159 2424 quae
1177 2370 1285 2409 veluti
1304 2367 1406 2406 favus
1429 2367 1480 2405 est
1498 2381 1608 2416 apum
1625 2393 1635 2410 ,
1664 2381 1792 2405 verum
1818 2381 1895 2406 non
1920 2369 1970 2406 ita
1990 2370 2062 2406 εἰέ-

368 2454 462 2494 gans
483 2471 494 2487 ,
539 2442 600 2480 sed
635 2441 736 2493 quafi*
760 2455 805 2478 ex
836 2440 1088 2491 putaminibus
1116 2438 1274 2474 cicerum
1305 2432 1473 2471 alborum
1505 2431 1631 2470 multis
1658 2434 1752 2471 inter
1781 2432 1815 2471 se
1845 2433 2066 2485 compofita,

368 2508 631 2545 ARISTOTELES
653 2505 691 2541 in
711 2501 803 2542 Hist.
828 2503 994 2541 Animal.
1017 2501 1103 2539 Lib.
1126 2501 1173 2538 V.
1198 2500 1293 2548 Cap.
1320 2506 1380 2544 15.

419 2565 509 2616 (υ)
537 2564 740 2602 Amboinse
760 2563 1062 2604 Ratiteitkamer.
1085 2574 1171 2614 pag.
1196 2573 1284 2611 107.

418 2627 504 2679 (w)
534 2627 595 2664 Ex
626 2625 845 2677 quibusdam
874 2641 948 2665 non
978 2627 1188 2678 vulgaribus
1218 2620 1468 2669 mulieribus,
1499 2619 1674 2673 quasdam
1697 2620 1832 2669 figuras
1852 2620 2056 2672 desumpsi,

370 2697 406 2729 δι
435 2691 568 2727 iterum
587 2686 766 2728 delineare
787 2686 872 2728 feci.
923 2687 1069 2730 Tabula
1088 2685 1211 2730 nostra
1238 2687 1306 2726 VI.
1358 2683 1453 2724 Vide
1489 2683 1600 2724 etiam
1639 2683 1782 2724 LisTER
1813 2680 1963 2723 Extra.
1994 2681 2056 2720 alti,

369 2751 471 2794 Tab.
496 2752 565 2792 vi.
