2262 3182
582 178 1475 232 sussssscivA.
1820 183 1881 240 85

197 330 286 378 que
317 314 362 362 id
394 325 533 376 genus
565 311 826 371 animalcula
859 312 1073 358 ministro.
1141 308 1247 355 Albi
1271 308 1449 355 crustuli
1485 306 1709 370 (Ouweli
1745 310 1882 366 parti·

196 395 295 442 cula
330 395 459 440 etiam
492 405 614 454 grata
644 391 745 449 ipsis
778 390 824 436 &
856 391 976 437 utilis
999 390 1092 436 est:
1158 388 1224 448 Jis
1247 403 1353 435 vero
1378 422 1391 443 ‚
1427 388 1504 446 qui
1528 388 1574 432 in
1596 387 1766 448 lagenis
1789 384 1878 432 ser-

195 483 355 516 vantur
376 503 391 524 ‚
424 467 607 513 nimium
644 466 734 511 cibi
758 498 773 522 ,
808 467 934 525 panis
966 463 1195 524 praecipue
1219 495 1234 518 ,
1267 460 1452 508 crustuli
1474 493 1488 516 ‚
1521 459 1592 506 vel
1623 459 1807 506 aliarum
1830 460 1875 506 id

195 558 338 606 genus
374 542 670 590 sai-inariarum
711 555 857 587 rerum
891 552 1122 601 apponere
1147 548 1297 584 nocet.
1365 536 1495 595 Aqua
1517 534 1636 580 enim
1664 534 1768 580 inde
1791 534 1876 580 sar·

196 633 287 664 rata
323 620 519 664 redditur
543 649 556 670 ‚
603 613 648 660 δε
680 615 809 674 piscis
842 614 934 674 ipse
967 613 1127 659 Ioedam
1153 647 1167 667 ‚
1212 611 1355 656 albam
1389 609 1435 656 δί
1467 607 1672 655 viscosum
1710 609 1873 668 accipit

197 706 345 737 cutem
374 724 388 745 ‚
421 704 638 752 aegrotare
675 690 830 747 incipit
859 723 872 745 ‚
908 687 956 734 &c
991 688 1210 733 moritur:
1258 683 1382 745 quod
1414 683 1615 744 pluribus
1651 681 1873 742 pisciculis

195 777 220 807 e
257 765 391 809 nimia
425 763 513 808 cibi
548 762 677 821 copia
712 761 944 824 contigisse
979 763 1099 808 novi.
1311 760 1315 777 ³

262 868 575 914 Purificaturus
608 867 792 912 eosdem
825 849 1000 913 caute‘e
1024 866 1179 928 lagena
1199 869 1242 913 in
1267 868 1472 931 gabatam
1490 866 1636 917 ,albam
1660 865 1874 926 majorem

196 940 381 988 effundo
405 975 420 997 ‚
453 939 505 988 &
537 941 696 1002 lagen&
726 940 846 986 elutzi
879 953 1012 999 atque
1043 955 1154 999 aqua
1190 944 1359 988 recenti
1394 941 1563 1000 repleta
1586 979 1598 999 ‚
1636 939 1877 1001 pisciculos

196 1016 322 1061 nullo
345 1015 544 1061 adhibito
572 1014 790 1070 reticulo,
823 1016 982 1077 gabata
1005 1029 1138 1061 manu
1162 1018 1354 1063 eximere
1378 1015 1428 1063 ὅ(
1453 1016 1654 1078 lagenae
1643 1029 1878 1076 imponere

197 1107 288 1137 non
324 1107 494 1138 vereor.
562 1090 620 1135 Et
653 1090 679 1134 s
685 1090 827 1135 mulae
851 1091 953 1135 huic
976 1089 1315 1163 quodammodo
1339 1092 1403 1139 rci
1425 1090 1727 1162 assueverunt,
1764 1089 1877 1138 adeo

198 1166 467 1224 mitescunt,
505 1179 553 1211 ut
588 1163 751 1226 sublati
779 1167 823 1211 in
859 1179 993 1210 manu
1029 1166 1270 1229 quiescant.

262 1251 459 1333 Quoties
489 1272 647 1336 hyeme
679 1273 817 1338 iligus
849 1253 935 1320 tam
971 1253 1211 1321 vehemens
1244 1257 1345 1333 est„
1371 1285 1428 1317 *ut
1448 1274 1496 1334 viu
1520 1273 1723 1319 conclavi
1750 1307 1763 1328 ‚
1788 1275 1877 1319 -ubi

201 1346 425 1392 servantur
451 1379 464 1400 ,
497 1361 650 1406 aquam
685 1345 1014 1408 conglaciatum
1055 1347 1104 1390 iri
1140 1360 1290 1391 verear
1312 1379 1326 1399 ‚
1361 1348 1404 1390 in
1439 1347 1604 1392 cellum*
1633 1348 1793 1393 clelerri
1812 1347 1880 1406 ju·

200 1422 289 1466 beo
316 1454 329 1476 ‚
365 1420 440 1465 ubi
477 1424 606 1468 etiam
645 1423 776 1467 vitam
813 1421 1043 1475 retinent,
1077 1418 1127 1467 ἅ
1150 1419 1252 1467 laete
1278 1422 1443 1484 vigent.

263 1525 451 1584 Aliquot
475 1541 561 1589 ego
584 1526 849 1587 pisciculos,
864 1540 893 1570 e
918 1529 1214 1583 maximorum
1239 1540 1446 1582 numero,
1469 1528 1625 1573 cofiios
1652 1541 1755 1575 cum
1777 1529 1885 1573 ami·

199 1603 263 1648 cis
298 1602 558 1661 quibusdam
596 1601 796 1649 comedi.
858 1592 1011 1646 Variis
1044 1616 1122 1647 cos
1146 1603 1446 1656 condimentis
1464 1589 1775 1670 gustavimus,
1806 1604 1888 1649 illo

201 1690 346 1722 tamen
381 1670 575 1728 intineiu
597 1711 612 1734 ,
655 1690 791 1736 quem
824 1674 1010 1721 ovorum
1036 1663 1390 1725 condimentum
1428 1677 1620 1739 (EiJ'er-
1608 1675 1809 1745 -saus)
1809 1693 1889 1724 vo-

200 1767 299 1797 care
312 1749 561 1809 solemus,
599 1752 719 1799 affufi
744 1787 756 1809 ‚
795 1746 1039 1813 gracillimi
1047 1747 1172 1797 erant
1205 1746 1408 1811 saporis
1445 1748 1491 1796 δι
1526 1749 1669 1797 multo
1705 1751 1889 1811 quidem

202 1825 399 1872 melioris
423 1861 436 1882 ‚
472 1841 603 1886 quam
636 1826 840 1889 vulgares
861 1826 1117 1884 carpiones.
1181 1824 1434 1876 (ῗοᾶὶοτωη
1459 1840 1564 1876 caro
1587 1840 1679 1872 non
1708 1839 1794 1879 tam
1819 1824 1894 1870 fir-

200 1914 269 1946 ma
304 1914 396 1946 erat
431 1915 562 1961 quam
596 1914 863 1962 percarum,
899 1898 1068 1959 alioqui
1095 1913 1238 1945 tamen
1262 1913 1347 1945 tam
1373 1900 1596 1946 tenuicula
1621 1935 1636 1955 .,
1670 1900 1891 1947 mollicel-

262 1971 357 2029 ‚&
392 1977 574 2032 tenera,
609 1986 658 2017 ut
693 1971 825 2017 ullIus
838 1972 989 2031 piscis
1016 1972 1236 2019 fluviatilis
1260 1972 1398 2033 pulpa
1422 1971 1506 2018 csse
1529 1972 1708 2032 posset3
1744 1989 1893 2045 neque

204 2048 315 2093 ullas
347 2047 511 2093 alienas
540 2046 591 2092 &
614 2059 829 2093 nocentes
852 2080 867 2105 ,
890 2048 1054 2107 quales
1081 2062 1295 2095 trutarum
1320 2048 1418 2094 sunt
1441 2062 1515 2094 aut
1536 2049 1754 2096 luciorum
1782 2051 1893 2096 alio

204 2138 421 2184 rumque,
456 2125 599 2185 spinas
616 2122 794 2169 habent.
864 2121 901 2168 F
905 2138 986 2170 uxi
1013 2125 1080 2171 vel
1107 2128 1253 2186 percis
1276 2126 1558 2172 delicatiores
1581 2127 1888 2188 suavioresque

204 2213 342 2247 erant.

268 2305 609 2352 Delineationes
633 2306 793 2353 horum
815 2307 1002 2369 piscium
1030 2307 1366 2369 suppeditarunt
1397 2309 1689 2358 Purrvlzmus
1726 2310 1752 2372 (
1765 2309 1848 2373 w)
1871 2345 1886 2366 .,

1778 2383 1884 2433 Eu—

267 2523 362 2570 (ιω)
404 2521 639 2570 Gazophyla.
680 2521 780 2561 Tab.
808 2521 1033 2582 LXXVIII.
1073 2489 1159 2573 1⁴3ng.
1189 2528 1212 2562 6
1241 2523 1281 2563 &
1308 2536 1347 2574 7.

1052 2614 1092 2663 L
1126 2629 1151 2677 3
