2262 3182
592 183 1464 239 sunssscth.
1812 217 1869 263 79

196 307 466 371 Japonenfi’s
511 307 558 355 &
595 311 822 372 Chinenses
845 348 862 372 ,
908 330 964 362 ex
1009 314 1285 377 Jesuitczrum
1331 332 1398 363 LE
1447 319 1665 369 COMTE
1703 325 1749 372 &
1794 341 1871 377 Du

198 384 409 432 HALDE
447 383 566 445 (m)
602 385 856 433 testimonio
879 419 894 441 ,
930 388 974 433 hi
1009 388 1211 446 pisciculi
1247 389 1504 440 habeantur.

261 536 298 562 „
330 501 530 549 Maxima
554 533 569 556 ‚
614 501 863 562 inquiunt,
910 507 1159 554 attentione
1193 506 1353 570 dignus
1389 512 1433 557 in
1476 511 1616 560 Chind
1647 517 1780 576 piscis
1812 519 1873 566 est

195 613 230 640 „
265 580 402 641 Kinju
425 578 540 640 (n),
576 577 661 624 five
700 580 854 642 Carpio
875 583 1087 628 Auratus.
1154 585 1204 629 In
1228 583 1400 629 vivariis
1423 583 1507 632 five
1527 586 1733 646 piscinis,
1774 606 1877 639 cum

193 688 228 714 „
264 656 309 699 in
345 652 479 698 finem
504 684 517 708 ,
554 650 709 699 Hortis
746 654 1006 716 PrIncipum
1031 655 1081 704 ἃ
1106 656 1372 720 Magnatum
1398 663 1667 710 exornandis
1691 699 1706 723 ,
1743 665 1878 713 effos-

193 764 231 789 „
269 729 320 775 fis
343 761 358 783 ‚
391 739 466 773 aut
499 728 631 772 etiam
663 730 708 774 in
741 732 913 794 magnis
947 731 1051 778 vafis
1083 731 1384 779 Porcellaneis
1420 734 1624 808 setvatur.
1718 741 1876 790 Minu-

192 839 227 864 „
261 793 440 849 tiffimos
463 834 477 855 ,
510 802 586 858 qui
618 802 805 848 inveniri
840 803 1018 863 poffuut
1041 838 1056 859 ‚
1103 808 1273 852 caeteris
1308 809 1552 866 praeferunt
1576 847 1589 868 ,
1637 816 1740 872 quia
1771 816 1874 876 pul-

197 913 228 936 „
265 877 469 925 chet-rimi
489 870 716 946 ¹putantur
738 910 752 933 ,
787 877 838 926 &
862 880 1001 940 major
1023 881 1266 927 eorundem
1292 896 1501 930 numerus
1528 884 1584 931 ali
1605 888 1770 946 potest.

260 1018 296 1042 ,‚
333 981 623 1028 Pulcherrimi
658 996 815 1028 eorum
852 985 1008 1043 colore
1034 985 1133 1034 sunt
1155 988 1292 1033 rubro
1315 1022 1331 1045 ,
1369 1003 1516 1048 eoque
1541 992 1873 1060 aldentissimo,

197 1095 230 1119 „
263 1060 356 1104 auri
379 1056 495 1115 quafi
520 1057 732 1114 pulvere,
768 1062 996 1120 praecipue
1022 1064 1066 1109 in
1091 1063 1223 1110 dorso
1249 1065 1394 1110 versus
1407 1069 1609 1122 caudam,
1635 1072 1873 1132 conspersi.

195 1169 227 1193 ‚‚
264 1132 458 1195 Quidam
503 1133 701 1191 argentei
747 1131 846 1178 sunt
890 1136 1056 1181 coloris
1084 1172 1097 1193 ,
1145 1138 1220 1183 alii
1263 1138 1374 1184 albis
1410 1143 1645 1202 rubrisque
1684 1148 1875 1211 insignes

196 1246 232 1271 ‚‚
267 1207 453 1255 maculis
488 1207 605 1267 (ο).
634 1225 636 1229 ·

252 1350 290 1376 ‚‚
327 1312 484 1359 Genus
507 1322 744 1371 utrumque
767 1313 959 1362 vividum
985 1315 1228 1365 admodum
1253 1317 1301 1365 δε
1325 1321 1438 1383 agile
1460 1337 1471 1366 z
1509 1324 1554 1368 in
1579 1338 1703 1385 aquae
1727 1327 1877 1387 super·-

194 1428 225 1450 „
262 1391 361 1436 ficie
395 1387 600 1433 ludentes
636 1386 911 1436 delestantur
934 1427 946 1447 ‚
998 1405 1103 1438 tunc
1139 1409 1244 1441 vero
1282 1409 1367 1441 tam
1405 1401 1544 1443 teneri
1591 1399 1683 1464 (p)
1710 1435 1723 1458 ,
1769 1403 1873 1450 sunt

191 1499 224 1523 ‚,
258 1466 307 1512 &
342 1461 540 1509 emollidi
565 1493 578 1514 ‚
615 1473 661 1506 ut
697 1463 877 1508 minima
910 1466 1024 1510 aeris
1060 1467 1222 1525 pressio
1247 1503 1261 1524 ‚
1297 1483 1370 1515 aut
1404 1471 1645 1521 vehemens
1679 1489 1803 1536 aquae
1831 1479 1877 1524 in

193 1576 223 1600 ‚,
259 1539 424 1601 piscina
457 1549 531 1581 aut
566 1535 662 1581 vase
697 1538 880 1599 agitatio
907 1572 922 1594 ‚
956 1539 1122 1587 multos
1149 1543 1411 1590 eorumdem
1437 1559 1584 1592 necet.

256 1680 289 1702 „
326 1643 418 1707 Qui
449 1644 492 1688 in
526 1640 706 1700 piscinis
739 1641 948 1698 aluntur,
981 1643 1160 1691 diversae
1183 1647 1281 1694 sunt
1306 1651 1650 1713 magnitudinis,
1688 1653 1868 1713 quidam

189 1721 415 1781 „clupea
439 1714 759 1776 quadriunciali
783 1717 947 1778 majore
981 1718 1189 1785 (Sardyn
1215 1721 1269 1783 of
1284 1723 1448 1786 Sprot)
1485 1728 1732 1787 graviores:
1767 1742 1867 1774 raro

1671 1834 1705 1858 ‚,
1734 1801 1870 1849 iidem

241 1933 336 1981 (πη)
371 1927 587 1979 Histoi-ischa>
607 1932 858 1981 Verzameling
878 1943 948 1969 vau
968 1932 1103 1972 Reizen
1125 1962 1136 1984 ,
1165 1935 1233 1974 IX.
1257 1936 1389 1986 Deci,
1416 1951 1510 1989 pag.
1532 1949 1632 1989 420.

241 1998 323 2045 (n)
351 1994 598 2042 Japonenses
628 2011 723 2040 eum
752 2000 928 2051 Kitzg-jo
957 2013 1120 2044 vocant.
1149 2005 1243 2046 Ilrz'cl.
1275 2019 1365 2058 pag.
1389 2011 1498 2058 265.’

241 2063 322 2113 (ο)
358 2065 519 2104 Mortui
553 2078 624 2107 aut
653 2069 795 2118 spiritu
825 2072 851 2109 fi
893 2072 1066 2124 impositi
1105 2078 1233 2115 decus
1279 2077 1318 2115 ἃ
1361 2077 1653 2119 scintillantem
1692 2082 1868 2123 colorem

190 2126 392 2165 amittunt.
427 2127 598 2171 ‚Parifiis
627 2138 757 2168 tamen
781 2131 1143 2183 Pharmacopolam
1175 2137 1252 2174 effe
1275 2149 1446 2188 accepi,
1476 2140 1547 2189 qui
1566 2142 1761 2190 liquorem
1787 2174 1797 2194 ,
1826 2148 1865 2185 in

184 2176 270 2237 ‘quo
290 2183 446 2237 objecta
467 2189 656 2228 nativum
678 2193 836 2232 servant
857 2195 1038 2235 colorem
1054 2224 1066 2246 ,
1089 2196 1278 2235 invenisse
1301 2197 1467 2239 dicitur.
1521 2202 1610 2251 Quo
1633 2203 1753 2243 citius
1772 2209 1858 2255 post

191 2258 362 2286 mortem
394 2247 550 2297 spiritui
582 2252 779 2293 frumenti
809 2254 1077 2305 imponuntur
1098 2287 1109 2307 ‚
1141 2261 1182 2297 in
1206 2271 1288 2308 quo
1310 2264 1457 2312 exigua
1478 2266 1708 2314 camphorae
1729 2277 1859 2313 quan-

189 2304 282 2344 titas
308 2304 494 2346 diss‘oluta
522 2309 577 2347 est
594 2338 607 2358 ,
634 2322 683 2349 eo
705 2313 839 2352 minus
861 2316 1019 2357 decoris
1044 2319 1084 2357 δε
1106 2320 1324 2368 splendoris
1348 2326 1537 2373 perdunt.

240 2380 324 2427 (p)
358 2378 443 2428 Ego
475 2383 690 2432 aliquoties
718 2386 827 2425 laros
856 2391 991 2439 (quos
1016 2392 1160 2432 horum
1182 2392 1352 2442 piscium
1376 2400 1514 2448 sapore
1536 2410 1679 2451 captos
1701 2404 1860 2454 credo)

189 2437 286 2475 dum
319 2437 434 2487 super
466 2442 617 2491 piscina
649 2446 719 2483 suo
757 2457 869 2487 more
889 2448 928 2488 in
947 2452 1041 2490 aere
1060 2453 1292 2502 pendebant
1315 2485 1326 2507 ,
1357 2460 1539 2508 sclopeto
1563 2463 1828 2513 configendos
1844 2492 1856 2514 ‚

189 2496 231 2535 ὃς
258 2496 418 2537 alteram
448 2503 604 2554 piscinae
631 2504 753 2554 ripam
774 2533 785 2553 ‚
814 2509 883 2546 ubi
913 2518 1020 2551 terra
1048 2512 1263 2557 laxabatur
1286 2545 1297 2568 ,
1326 2520 1563 2563 firmandam
1594 2524 1738 2565 curavi
1763 2551 1775 2575 ,
1804 2534 1855 2564 ne

187 2557 310 2598 unico
337 2564 499 2607 quidem
525 2564 818 2613 pisciculorum
845 2570 1000 2613 amiss'o.
