2262 3182
372 190 397 238 3
822 174 1615 228 OPUSCULA

371 328 562 377 quorum
589 327 698 368 ova,
721 310 883 357 etiamsi
908 308 1075 369 posita,
1099 307 1242 353 indies
1267 311 1574 373 magnitudine
1597 302 1801 362 crescunt
1825 317 1908 381 (l).
1955 317 2067 366 Sunt

368 392 420 439 δε
441 391 523 436 alia
547 405 601 436 ex
628 401 818 449 quorum
844 386 1028 446 simplici
1058 398 1147 430 ovo
1170 386 1379 432 undecim
1404 388 1703 437 excluduntur
1724 393 1855 439 faetus
1881 394 2014 456 (m).

434 467 548 512 Sunt
569 464 848 512 Animalcula
864 497 877 515 ,
915 475 1014 520 quae
1041 461 1140 520 post
1162 463 1432 509 nativitatem
1449 499 1461 519 ‚
1500 480 1592 524 quo
1618 470 1755 530 magis
1779 468 2069 524 adolescunt,

368 543 574 603 pluribus
604 542 794 601 pedibus
819 539 1002 598 aliisque
1028 540 1239 585 membris
1264 538 1537 587 instruuntur
1563 542 1623 603 (n
1640 543 1683 604 >-

437 614 550 661 Haec
588 616 738 660 omnia
771 617 815 659 in
850 615 1179 674 propagatione
1206 613 1483 671 Polyporum
1511 629 1639 672 aquae
1665 615 1808 661 dulcis
1831 619 1924 662 fere
1948 619 2073 662 inve·-

371 693 555 737 niuntur
599 690 702 752 (0)
724 728 734 746 ,
775 690 946 749 Ecquis
971 689 1076 746 scit,
1115 704 1168 734 an
1202 703 1296 734 non
1320 691 1588 750 propagatio
1611 690 1887 747 Polyporum
1914 690 2075 736 Coral—

344 751 475 812 „linis
511 764 791 810 infidentium
821 803 832 823 ,
883 765 1027 811 adhuc
1061 767 1200 827 magis
1232 765 1281 810 fit
1316 763 1548 809 miranda?
1593 762 1639 806 id
1675 763 1950 826 diligenti&
1975 765 2074 809 diu-

373 853 501 886 turna
530 840 842 886 observatione
866 841 1154 899 sequentibus
1179 841 1459 899 temporibus
1484 839 1749 885 innotescet.

438 915 558 961 Mihi
584 917 708 962 firme
737 917 1010 975 persuadeo,
1046 931 1176 971 eum,
1213 919 1289 974 qui
1314 916 1489 974 plantas
1511 916 1699 960 marinas
1726 913 1777 962 δε
1800 916 1961 961 insef’ta
1983 930 2074 962 ma·

373 993 469 1037 rina
502 992 765 1051 perscrutari
791 992 923 1047 velit⁷
965 1005 1123 1053 magna
1158 991 1381 1050 perfusum
1404 993 1456 1035 iri
1481 991 1732 1050 voluptate:
1770 990 1830 1035 est
1861 994 1977 1036 enim
2003 993 2077 1036 hic

373 1080 519 1111 novus
549 1065 881 1112 Microcosmus
907 1101 920 1122 ‚
968 1066 1093 1126 cujus
1126 1060 1291 1114 incolae
1325 1081 1479 1126 parum
1515 1068 1844 1121 innotuerunt,
1891 1066 1963 1112 sed
2000 1068 2077 1125 qui

373 1155 561 1203 propter
585 1146 795 1202 proprios
821 1144 1100 1206 propagandi
1127 1144 1319 1199 modos,
1352 1146 1488 1196 ritus,
1523 1144 1820 1189 aeconomiam
1837 1178 1849 1195 ‚
1886 1143 2082 1200 aliasque

375 1218 608 1277 qualitates
624 1253 637 1275 ,
673 1223 922 1266 attentione
946 1220 1134 1268 Naturae
1158 1221 1396 1267 Ven‘ztoris
1421 1221 1517 1265 sunt
1545 1220 1800 1281 dignissimi:
1839 1218 1906 1262 Ea
1931 1231 2082 1263 tamen

380 1293 588 1350 voluptas
615 1309 707 1339 non
733 1309 852 1340 caret
875 1297 1321 1356 incommoclis‚quia
1345 1296 1605 1355 perdifficile
1630 1293 1973 1353 est‚piscatores
2000 1293 2086 1338 do-

386 1381 520 1425 cere,
562 1366 707 1425 (licet
740 1369 858 1415 laute
893 1374 1271 1435 remunerentur)
1308 1371 1544 1431 quomodo
1582 1371 1842 1417 conservare
1875 1382 2002 1427 capta
2034 1366 2087 1416 &

387 1446 567 1490 inventa
589 1444 776 1503 possint,
815 1461 1096 1506 quaecunque
1120 1451 1163 1492 in
1188 1451 1290 1494 foro
1314 1449 1507 1494 vendere
1535 1459 1768 1504 nequeunt
1797 1448 1859 1503 (p
1876 1444 1912 1502 ).

456 1517 700 1574 Praeterea,
737 1521 841 1578 quia
874 1519 1039 1566 insecta
1074 1521 1276 1578 Mariua,
1316 1520 1516 1578 quamvis
1551 1533 1707 1578 aquam
1735 1518 1974 1572 marinam,
2013 1520 2087 1562 cui

388 1592 563 1648 insunt,
600 1593 808 1652 quolibet
842 1594 944 1638 aestu
978 1595 1120 1640 indies
1154 1598 1221 1641 bis
1255 1610 1551 1650 renovemus,
1587 1595 1878 1639 nihilominus
1906 1593 2123 1639 defectu,

389 1667 614 1721 alimenti,
652 1683 745 1726 quo
771 1671 816 1712 in
854 1671 985 1711 maris
1019 1667 1133 1712 vado
1173 1665 1286 1710 vesci
1313 1664 1483 1720 solent,
1522 1665 1637 1725 saepe
1661 1669 1773 1712 intra
1800 1674 1968 1722 paucos
1991 1667 2088 1713 dics

389 1746 658 1790 moriuntur.
727 1742 953 1787 Praestaret
977 1776 991 1797 .,
1035 1742 1063 1785 fi
1099 1743 1228 1800 quis,
1266 1755 1409 1801 prope
1443 1754 1562 1784 mare
1599 1740 1667 1784 vel
1707 1739 1868 1785 ostium
1892 1739 2089 1791 fluminis

391 1821 571 1872 vivens,
596 1817 787 1876 speciem
810 1819 962 1863 vivarii
988 1817 1197 1871 haberet,
1226 1817 1350 1875 quod
1375 1832 1474 1864 cum
1499 1818 1606 1861 mari
1632 1818 1983 1862 communicaret
1999 1852 2011 1873 ‚
2036 1817 2089 1866 δε

392 1893 598 1952 quotidie
636 1894 705 1937 bis
740 1907 854 1951 aqua
890 1894 1020 1938 maris
1055 1905 1378 1938 renovaretur:
1425 1894 1469 1937 in
1505 1907 1560 1936 eo
1596 1893 1895 1937 enimomnes
1920 1892 2088 1951 species
2134 1904 2137 1909 ’

395 1968 753 2025 Cor-allinarum,
788 1967 1201 2028 Lithophytorum,
1246 1968 1606 2027 Alcyoniorum,
1656 1966 1930 2027 aliarumque
1962 1968 2092 2026 plan-

1945 2055 2088 2087 tarum

453 2184 529 2236 (l)
558 2187 762 2226 Rmvmvn
784 2188 908 2225 Mem.
931 2186 993 2224 des
1020 2186 1145 2226 insest.
1170 2188 1284 2227 Tom.
1305 2186 1353 2224 V.
1377 2194 1461 2236 pag.
1489 2194 1573 2222 121.
1593 2181 1701 2219 Edit.
1721 2182 1851 2219 Paris.

446 2249 530 2298 (m)
561 2248 653 2286 Asta
676 2248 793 2286 Acad.
816 2250 917 2298 Reg.
946 2252 1047 2286 Suec.
1068 2249 1154 2288 Vol.
1175 2250 1318 2287 XV111.
1348 2248 1453 2296 1756.
1477 2255 1561 2296 pag.
1590 2256 1671 2292 199.

443 2311 533 2359 (η)
555 2313 766 2348 'Memoites
787 2309 831 2346 de
854 2309 1166 2361 Mathematiques
1186 2314 1221 2346 &
1243 2306 1456 2358 Phyfiques.
1485 2312 1514 2345 l.
1539 2316 1625 2355 pag.
1650 2314 1722 2351 530
1745 2308 1779 2341 ὃ(
1801 2301 1875 2353 seq.
1926 2304 2087 2348 Aemus,
2112 2355 2114 2358 .

399 2383 508 2421 quem
539 2370 657 2408 caseus
686 2371 771 2417 alit,
802 2371 965 2420 primum
993 2370 1169 2419 nascitur,
1200 2382 1283 2408 cum
1315 2367 1374 2405 sex
1403 2367 1578 2418 pedibus,
1617 2365 1748 2423 deinde
1775 2363 1961 2402 instruitur
1988 2364 2087 2404 oete.

397 2431 452 2470 id.
474 2431 567 2469 ibid.

454 2488 541 2539 (ο)
571 2491 782 2532 TREMBLEY
805 2496 1007 2534 Memoires
1031 2494 1087 2532 sut
1106 2493 1218 2532 l'hist.
1241 2493 1304 2531 des
1328 2491 1497 2542 PolypeS.

453 2552 547 2601 (p)
579 2554 774 2591 MARSJGLI
803 2556 957 2594 eandem
991 2554 1127 2608 profert
1157 2555 1431 2605 querimoniam
1452 2581 1464 2599 ‚
1511 2552 1547 2590 in
1580 2551 1674 2591 Hist.
1707 2551 1815 2602 Phyf
1847 2552 1893 2602 de
1926 2551 1958 2590 Ia
1988 2551 2086 2593 Mer.

408 2643 440 2662 ,‚
469 2616 648 2665 Quamvis
670 2614 870 2666 persolvere
890 2620 932 2656 iis
954 2620 1212 2669 polliceamur,
1242 2621 1276 2652 &
1296 2626 1526 2652 renumerare
1543 2613 1731 2662 laborem,
1760 2613 1888 2654 nolunt
1905 2610 2092 2653 assuescere

411 2706 441 2727 2,
469 2676 724 2718 conservandis
742 2678 872 2729 rebus,
903 2693 991 2733 quas
1018 2679 1232 2733 abjicerem
1249 2689 1352 2721 mate
1370 2674 1501 2718 solent.
