2262 3182
614 191 1497 249 SUBSECIVA.
1862 223 1921 272 27

229 333 441 400 poss'unt:
483 329 556 377 sed
601 329 690 377 illae
735 326 910 374 cellulae
955 325 1283 386 insidentesque
1340 328 1500 390 Polypi
1544 333 1834 383 inveniuntur
1875 339 1921 387 in

223 416 348 464 omni
383 424 577 472 corpore
609 409 814 460 marin0'1,
862 406 1162 453 inhaerescunt
1198 405 1402 453 Conchis
1427 441 1442 463 ‚
1490 408 1661 468 Testis,
1708 415 1877 463 Ostreis
1901 451 1917 474 ‚

225 491 475 551 Lapidibus
510 487 700 548 Mytulis
723 522 737 541 ‚
787 485 978 545 pedibus
1013 483 1064 532 ὅ(
1097 486 1280 545 corpori
1311 484 1623 542 Cancrorum,
1659 491 1921 538 Astacorum

222 570 491 630 Squillarum
527 566 652 626 &c.,
696 567 789 612 imo
826 565 974 610 inveni
1010 565 1086 618 iis,
1118 562 1348 626 Quercum
1388 566 1632 621 marinam,
1669 584 1799 627 quam
1836 569 1923 616 ser-

223 663 306 702 vo,
344 647 459 693 adeo
495 645 633 692 dense
670 640 928 697 obte&3m‚
963 654 1014 686 ac
1050 654 1246 699 unquam
1283 642 1327 686 in
1367 639 1921 705 Titano-kerato-phytis

219 736 539 784 apparuerunt.
606 719 775 766 Omnia
809 717 945 777 igitur
980 728 1225 762 memorata
1258 731 1484 775 corpora,
1520 720 1573 765 iis
1594 720 1798 775 cellulis,
1831 737 1923 771 tan·

217 814 351 860 quam
387 800 559 846 cortice
593 795 811 841 retiformi
848 791 1121 849 vestiuntur,
1168 792 1241 839 sed
1276 808 1505 854 nunquam
1540 796 1610 844 hae
1646 798 1822 845 cellulae
1858 814 1924 845 ra-

217 892 315 924 mos
350 877 554 923 emittere
588 871 796 919 videntur
819 904 834 926 ,
880 883 956 916 aut
991 871 1037 916 in
1074 870 1213 916 altum
1248 872 1472 929 acervar1,
1518 872 1594 920 sed
1623 874 1748 936 juxta
1783 875 1825 922 se
1857 875 1921 923 se·

217 955 393 1002 dentes.

288 1026 491 1091 Quando
527 1025 604 1073 has
640 1026 854 1082 cellum,
888 1028 933 1073 in
969 1026 1110 1086 iisque
1142 1026 1344 1073 viventes
1380 1024 1581 1087 Polypos
1605 1029 1650 1074 in
1677 1030 1795 1075 vitro
1819 1044 1922 1078 cum

217 1118 332 1164 aqua
356 1105 525 1150 marina
551 1115 720 1149 attente
744 1102 1133 1162 contemplamur,
1161 1100 1391 1161 extemplo
1413 1103 1921 1164 convincimur‚quem-

215 1182 329 1230 libet
373 1180 597 1241 Polypum
643 1179 729 1226 effe
775 1178 937 1225 animal
983 1178 1238 1227 distinctum
1263 1217 1274 1237 ‚
1325 1178 1451 1238 quod
1495 1195 1600 1227 cum
1632 1183 1794 1230 vicinis
1829 1198 1926 1232 non

219 1258 554 1313 communicat,
588 1272 691 1304 cum
730 1256 859 1317 poffit
894 1257 1102 1314 brachia,
1139 1257 1405 1306 contrahere
1441 1258 1722 1318 expandere,
1758 1273 1813 1305 ex
1834 1258 1926 1306 cel-

221 1331 312 1379 lula
347 1348 451 1380 cum
482 1338 688 1394 corporis
722 1347 847 1393 parte
886 1349 1070 1395 erepere
1096 1369 1111 1390 .,
1157 1335 1363 1399 ingredi,
1408 1333 1537 1381 nullo
1574 1347 1703 1380 motu
1736 1334 1783 1380 in
1818 1335 1925 1380 vici-

222 1412 291 1458 nis
336 1424 595 1471 apparente.
664 1409 838 1459 Omnes
880 1412 926 1460 hi
969 1412 1134 1474 Polypi
1184 1411 1418 1460 cellulares
1451 1411 1659 1459 videntur
1693 1410 1780 1458 effe
1815 1410 1925 1472 ejus-

221 1488 324 1534 dem
360 1488 535 1551 effigiei.

288 1564 463 1611 Verum
495 1564 763 1625 potiffimum
800 1565 962 1625 Polypi
990 1564 1301 1627 magnitudine
1322 1561 1374 1610 δε
1396 1563 1540 1610 forma
1565 1562 1810 1619 differunt,
1845 1565 1924 1624 qui
1995 1616 1997 1618 μ

221 1642 353 1685 variis
388 1641 622 1699 speciebus
657 1643 893 1685 sertulariae
927 1641 1118 1685 infident
1151 1641 1261 1700 (h).
1331 1639 1597 1702 Quemlibet
1620 1655 1768 1687 autem
1794 1641 1924 1703 hujus

219 1716 398 1776 generis
434 1713 660 1770 Polypum
695 1713 780 1759 effe
815 1712 978 1759 animal
1012 1711 1241 1772 peculiare
1285 1726 1341 1758 ex
1373 1714 1574 1773 sequenti
1611 1719 1924 1775 experimento

219 1789 336 1836 clare
359 1787 501 1835 fluere
524 1789 706 1846 opinor.

284 1864 377 1910 Die
413 1862 465 1923 30
502 1862 622 1923 Junii
660 1862 783 1908 Anni
824 1876 973 1922 1757,
1022 1862 1241 1909 ramulum
1279 1864 1505 1911 Corallinae
1532 1866 1727 1930 muscosae
1753 1871 1928 1919 alterna

218 1940 314 1988 vice
345 1939 622 1984 denticulata*
646 1972 660 1992 ,
708 1937 890 1983 ramulis
924 1938 968 1983 in
1004 1942 1268 1987 creberrima
1293 1939 1529 2003 filamenta
1560 1944 1733 2006 sparsis.
1782 1946 1947 1996 ELL1s‘

221 2013 305 2060 ΝΟ.
340 2030 383 2073 4.
404 2048 416 2066 .
451 2012 655 2072 plurimis
693 2012 911 2059 obsessum
947 2014 1160 2075 Polypis‚
1207 2016 1351 2063 inmifi
1371 2018 1488 2063 vitro
1516 2018 1797 2077 cylindrico,
1833 2022 1926 2068 dia·

219 2091 349 2136 metri
391 2089 609 2148 pollicis,
656 2103 705 2135 ut
738 2089 906 2149 aliquas
942 2091 1151 2139 veficulas
1194 2109 1400 2141 accurate
1446 2098 1760 2143 examinarem.
1830 2099 1928 2145 Ali—

221 2177 437 2224 quantum
471 2165 526 2210 ad
555 2163 864 2218 intervallum,
901 2165 1057 2222 altius,
1095 2169 1315 2225 celerius,
1351 2185 1406 2216 ex
1440 2170 1599 2217 tubulo
1633 2172 1756 2218 Vafis
1781 2173 1926 2221 infuso

219 2238 362 2288 Theae
397 2238 700 2288 inservientis,
735 2255 893 2300 aquam
930 2245 1141 2290 marinam
1180 2241 1298 2293 filtro
1330 2247 1552 2303 colmam,
1603 2242 1922 2311 infundebam,

222 2327 316 2362 tum
352 2314 555 2361 adhibito
592 2316 924 2377 microscop10‚
968 2320 1119 2379 plures
1151 2337 1284 2383 quarn
1323 2339 1383 2385 30
1419 2325 1488 2371 vel
1526 2342 1587 2385 40
1623 2325 1823 2385 Polypos
1859 2329 1922 2375 vi·

221 2393 503 2451 debam,qui
538 2393 600 2438 ob
638 2394 1022 2444 vehementiorem
1055 2414 1180 2459 aquae
1214 2402 1481 2449 infufionem
1518 2419 1542 2448 e
1580 2403 1823 2448 Corallinis
1847 2420 1921 2452 ex==

223 2468 450 2525 ciderant,
485 2468 590 2517 hinc
621 2471 728 2517 inde
763 2475 808 2519 in
844 2477 959 2521 vitro
995 2480 1206 2525 natabant
1243 2481 1355 2542 (c),
1391 2479 1441 2527 <Sc
1477 2479 1519 2525 se
1551 2482 1753 2542 apicibus
1778 2497 1922 2529 ramu-

1743 2559 1887 2607 lorum
1904 2593 1917 2618 ⁷

273 2651 363 2705 (b)
395 2655 542 2692 'eonem
564 2656 677 2696 vide
666 2671 702 2696 m
725 2658 876 2699 Tabulis
900 2661 1059 2702 Emsn.

276 2714 377 2768 (c)
390 2716 484 2757 Vide
509 2720 711 2763 Natantem
730 2722 839 2764 talem
863 2725 1046 2778 Polypum
1069 2727 1166 2768 Tab.
1187 2726 1311 2769 nostra
1330 2727 1378 2771 V.
1399 2727 1465 2782 fig.
1494 2743 1531 2782 7.
1552 2693 1606 2775 D

985 2787 1032 2835 D
1068 2805 1095 2838 2
