2262 3182
583 189 1461 247 SUBSECIVA.
1817 225 1846 267 9

173 338 256 371 nos
289 322 456 368 habens
488 324 689 370 annellos
711 356 726 374 ‚
773 322 820 370 δε
853 327 1094 386 marginem
1127 326 1228 386 pilis
1263 330 1459 377 obsitam.

240 400 460 445 Posterius
485 403 753 444 exteriorum
778 399 995 446 labiorum
1018 417 1098 460 par
1120 417 1144 446 e
1171 405 1308 449 tribus
1341 409 1637 455 construewm
1663 396 1723 456 est
1745 422 1848 471 par·
1866 413 2039 465 Fig.IV.

176 477 294 520 tibus
320 508 334 529 .,
382 489 467 519 una
501 475 625 519 brevi
660 473 789 533 plana
824 474 1095 521 subrotunda
1123 512 1136 533 ‚
1181 476 1226 523 &
1260 479 1429 526 duabus
1462 482 1608 545 longis
1634 521 1646 542 ,
1697 488 1843 549 singu·
1866 476 1930 507 ¹0·

169 549 223 594 lis
255 549 487 595 articulum
511 581 526 604 ,
561 548 683 609 cujus
719 563 806 608 ope
840 548 1014 596 flectere
1049 551 1091 597 se
1124 553 1304 614 possunt
1331 590 1345 611 ,
1379 559 1423 602 in
1460 558 1610 604 medio
1636 560 1836 611 babenti-

172 625 272 669 bus.

237 697 398 743 Astaco
436 699 540 743 vivo
575 700 620 744 in
656 714 769 759 aqua
803 700 1001 746 versante
1025 737 1038 757 ,
1077 703 1181 749 bina
1202 704 1298 750 haec
1322 705 1539 753 labiorum
1564 711 1682 768 paria
1704 712 1748 756 in
1781 726 1847 756 as-

173 771 296 820 fiduo
330 785 478 830 eoque
511 773 624 817 miro
660 773 757 817 sunt
791 786 932 819 motu.
1000 772 1123 821 Dum
1157 780 1275 823 enim
1308 779 1497 825 alterum
1522 782 1738 829 labiorum
1764 785 1845 830 ho·

168 861 264 893 rum
300 848 569 893 exteriorum
604 849 647 891 in
682 847 876 894 saucium
912 849 1049 895 latere
1084 852 1136 896 ab
1164 851 1207 897 A
1229 853 1281 898 ad
1307 854 1342 899 B
1372 868 1580 902 movetur
1602 894 1614 914 ‚
1654 858 1842 905 alterum

169 925 330 971 eodem
368 937 569 982 tempore
601 937 623 967 a
658 922 694 967 B
730 923 785 967 ad
823 923 864 968 A
899 926 1154 972 movebitur
1178 961 1192 982 ‚
1226 943 1312 988 qua
1348 932 1520 976 ratione
1550 946 1773 993 perpetuo
1799 934 1845 981 δε

171 1000 401 1046 celerrIme
434 998 615 1057 quidem
652 997 738 1042 sese
772 1011 1094 1057 praetereuntes
1117 1036 1130 1058 ‚
1165 1003 1237 1048 vel
1273 1006 1452 1050 minima
1485 1007 1644 1053 insefta
1676 1013 1843 1070 aquati·

169 1089 220 1120 ca
253 1073 353 1133 pilis
387 1073 471 1118 su1s
507 1086 684 1133 captant
708 1107 722 1128 ‚
762 1071 807 1118 &
830 1073 883 1118 ad
906 1073 1055 1121 fauces
1082 1078 1367 1136 protrudunt.

230 1151 341 1197 Bina
372 1151 632 1193 interiorum
666 1147 883 1190 labiorum
917 1151 1036 1206 paria
1072 1150 1379 1196 subcineracei
1403 1154 1500 1199 sunt
1524 1157 1689 1205 coloris
1715 1194 1730 1215 ‚
1767 1162 1848 1207 fin-
1895 1180 1994 1220 Τὼ,
2020 1182 2048 1220 ῑ,

165 1227 270 1289 gula
304 1240 329 1270 e
363 1226 561 1285 quinque
593 1222 821 1283 particulis
848 1257 862 1279 ‚
900 1223 1109 1271 brevibus
1140 1225 1213 1272 sed
1239 1229 1377 1275 craffis
1403 1227 1448 1276 &
1473 1232 1628 1293 rigidis
1654 1231 1756 1292 pilis
1780 1234 1846 1278 su·
1868 1231 2022 1280 fig.iv.

168 1316 308 1363 perne
353 1301 501 1347 obfitis
526 1333 540 1355 ,
589 1298 848 1344 constructa.
939 1298 1101 1346 Forma
1144 1317 1301 1350 eorum
1337 1319 1363 1350 e
1403 1306 1494 1353 sola
1529 1307 1844 1355 delineatIOnis

164 1378 435 1438 inspeetione
460 1408 473 1429 ,
520 1372 692 1419 facilius
728 1387 858 1433 quam
895 1387 949 1419 ex
984 1377 1296 1424 accuratiffima
1332 1379 1635 1443 descriptione
1657 1419 1668 1440 ,
1708 1384 1842 1430 intel-

162 1456 241 1515 ligi
277 1450 435 1511 potest.

240 1526 323 1572 His
356 1527 473 1577 binis
509 1524 724 1571 labiorum
759 1525 937 1585 paribus
973 1527 1186 1573 submotis
1215 1562 1228 1583 ‚
1277 1529 1370 1575 bini
1403 1531 1606 1590 proxime
1642 1531 1763 1590 juxta
1797 1534 1838 1580 se
1862 1541 1946 1594 F.'.g
1973 1544 2043 1583 IV.

160 1607 289 1669 politi
333 1603 543 1663 adparent
579 1601 736 1645 dentes
763 1634 778 1655 ‚
824 1600 922 1645 satis
958 1604 1105 1663 magni
1139 1600 1184 1647 δε
1221 1602 1466 1659 durissimi,
1513 1608 1590 1664 qui
1624 1607 1833 1655 binorum

160 1681 392 1730 molaritim
424 1678 552 1723 instar
588 1676 673 1720 sese
697 1688 936 1720 atterentes
957 1709 971 1730 ,
1007 1677 1265 1722 alimentum
1289 1678 1434 1723 Astaci
1459 1683 1743 1738 quantumvis
1769 1696 1834 1728 te-

159 1755 426 1803 nacissimum
462 1751 674 1806 molunt,
712 1746 757 1793 δε
792 1750 913 1808 prius
951 1752 1291 1807 comminuunt,
1327 1766 1457 1812 quam
1481 1767 1564 1812 per
1586 1754 1740 1800 fauces
1765 1759 1833 1804 in-
1881 1762 1891 1765 ”

159 1812 342 1878 teriores
377 1828 429 1873 ad
467 1823 762 1871 ventriculum
798 1822 1073 1871 dimittatur(
1518 1818 1540 1847 7
1917 1848 1926 1867 =

228 1902 435 1950 Externis
459 1900 524 1943 his
549 1900 704 1958 capitis
729 1899 927 1957 partibus
950 1900 1089 1946 modo
1120 1901 1404 1949 consideratis
1421 1937 1434 1959 ,
1467 1904 1510 1949 in
1536 1919 1727 1965 corpore
1749 1921 1828 1955 no-

158 1978 289 2024 tanda
324 1973 521 2019 veniunt.
588 1971 748 2015 Primo.
816 1971 1009 2017 Brachia
1042 1972 1099 2017 fic
1133 1976 1249 2019 enim
1273 1975 1380 2020 duas
1404 1979 1508 2021 mihi
1535 1993 1696 2024 vocare
1717 1979 1826 2026 lice-

155 2050 221 2094 bit
253 2057 399 2106 partes
423 2074 436 2095 ‚
471 2053 569 2097 quae
606 2039 737 2096 capiti
771 2042 984 2097 proximae
1021 2043 1119 2088 sunt
1143 2078 1156 2098 ‚
1193 2043 1239 2090 &
1275 2049 1474 2107 quinque
1500 2050 1700 2096 constant
1722 2056 1824 2099 arti-

154 2120 264 2168 culis
287 2152 300 2174 ,
336 2125 525 2176 quorum
555 2110 776 2156 secundus
811 2112 1048 2159 denticulis
1079 2118 1328 2164 acutiffimis
1361 2121 1486 2167 serrae
1510 2123 1638 2169 instar
1660 2128 1821 2185 praedi·

152 2208 220 2239 ως
245 2226 260 2247 ‚
295 2188 339 2235 ὃς
374 2186 474 2248 pilis
507 2199 635 2244 quam
671 2185 872 2244 plurimis
908 2189 1072 2235 obsitus
1108 2192 1182 2236 est.
1246 2192 1332 2237 Pili
1367 2193 1411 2238 hi
1445 2197 1575 2242 bonae
1598 2212 1717 2244 notae
1741 2204 1819 2246 mi-

150 2266 387 2324 croscopio
422 2261 667 2322 perlustrati
691 2295 705 2316 ‚
739 2264 784 2308 in
822 2263 1048 2324 superiore
1070 2280 1195 2326 parte
1219 2267 1472 2316 denticulos
1497 2273 1715 2320 ostentant
1737 2279 1816 2322 mi-

148 2344 388 2390 nutissimos
413 2374 426 2397 ,
463 2354 553 2386 non
588 2338 742 2384 frustra
775 2354 799 2384 a
839 2341 1161 2402 Sapientiffimo
1186 2343 1403 2391 Creatore
1426 2345 1511 2391 illis
1537 2347 1664 2395 clatos
1683 2384 1699 2407 ,
1739 2349 1812 2395 sed

145 2418 406 2481 singularem
448 2416 536 2462 fine
580 2414 717 2459 dubio
752 2413 875 2461 usum
911 2430 1043 2476 atque
1077 2416 1309 2464 utilitatem
1344 2419 1506 2465 Astaco
1539 2417 1806 2481 praestantes.

142 2494 236 2542 Has
270 2507 356 2554 ego
391 2504 537 2559 partes
573 2490 761 2536 Brachia
782 2504 903 2536 voco
928 2525 942 2546 ‚
978 2493 1082 2550 quia
1102 2490 1188 2537 illis
1213 2493 1267 2537 ad
1289 2495 1557 2540 currendum
1580 2510 1807 2559 nunquam

143 2566 322 2613 Astacus
344 2598 357 2621 ‚
393 2566 467 2614 secl
499 2565 554 2612 ad
590 2563 730 2610 escam
753 2598 768 2622 ,
799 2564 1034 2625 majoribus
1059 2565 1146 2611 suis
1171 2565 1310 2613 chelis
1331 2567 1646 2628 adprehensum
1669 2605 1684 2631 ‚
1721 2573 1805 2618 ser-

1063 2642 1100 2687 B
1686 2659 1802 2692 rato-

1849 1947 1933 1997 FJg.
1956 1949 2026 1989 IV.
