2262 3182
358 178 420 224 24
816 154 1618 206 OPUSCULA

706 248 727 263 Ο

168 288 350 378 “Tabffin‘
424 290 544 336 Ante
571 290 721 335 fauces
744 286 892 347 primo
916 286 1022 332 duas
1044 286 1149 333 latas
1172 288 1414 348 planasque
1436 288 1617 333 laminas
1633 321 1647 341 ‚
1681 270 1826 331 Astaci
1850 283 2039 330 brachiis

170 351 236 428 ᾗς
319 369 327 378 ”
371 365 705 426 quodammodo
740 362 897 408 ssmiles
925 397 938 419 ‚
975 365 1170 423 reperies
1195 398 1208 419 ‚
1247 378 1294 409 ut
1328 362 1373 408 &
1410 364 1500 409 duo
1526 364 1744 409 labiorum
1767 363 2036 407 exteriorum

365 442 483 499 paria
503 474 514 494 ‚
556 452 654 497 quae
691 451 817 495 aeque
850 451 901 481 ac
937 439 980 482 in
1005 437 1171 482 Ali-acis
1194 440 1237 482 in
1264 450 1487 496 perpetuo
1511 436 1607 481 sunt
1630 449 1755 481 motu
1777 470 1790 491 ,
1827 433 1871 480 ἅ
1893 435 2038 479 conti-

171 502 217 540 2'
244 503 284 541 3
310 503 451 558 4'nuo
488 513 529 556 se
566 513 760 558 invicem
796 523 1114 571 praetereuntes
1149 543 1164 566 ,
1209 512 1358 555 omnia
1392 511 1562 554 minuta
1597 509 1760 553 Infecta
1797 508 1850 553 ad
1885 507 2036 552 fauces

360 585 637 646 propellunt.

424 661 670 717 Particum,
699 676 797 721 quae
821 661 987 724 Figura
1008 660 1087 706 Vl.
1111 657 1199 705 N0.
1224 673 1267 716 4.
1292 657 1510 703 delineata
1531 656 1592 701 est
1608 690 1620 711 ‚
1645 654 1788 700 ad-fixa
1809 653 1896 702 fuit
1917 654 2035 698 labio

359 742 568 786 exteriori
615 738 698 784 No.
736 752 774 784 Ι.
844 738 1012 799 (Vide
1047 735 1226 781 snnilem
1262 734 1365 780 labii
1400 734 1634 778 exterioris
1672 731 1815 776 Astaci
1852 730 1964 773 Tab.
2000 730 2036 773 I.

170 845 252 894 sig.
282 813 463 883 erig·
498 814 575 859 Ill.
624 813 707 860 No.
747 814 841 875 9.)
900 813 974 857 sed
1018 812 1091 857 hic
1121 812 1312 870 separata
1346 809 1602 854 ostenditur.
1682 806 1772 850 Sub
1807 805 1872 848 his
1910 802 2035 848 labiis

167 897 214 941 ό,
247 909 282 946 7.
334 943 338 946 ,
369 891 662 935 exterioribus
698 922 711 943 ,
769 887 861 933 duo
905 889 1168 932 interiorum
1211 887 1330 945 paria
1372 885 1446 929 fita
1481 883 1578 928 sunt
1610 915 1625 936 ‚
1673 895 1865 939 quorum
1899 892 2034 923 unum

365 980 419 1011 ex
464 966 639 1019 tribus,
687 963 871 1009 alterum
918 976 972 1007 ex
1018 963 1149 1019 unica
1195 973 1362 1005 tantum
1405 957 1621 1019 particula
1654 955 1835 1001 constat.
1924 951 2035 997 Haec

368 1054 560 1099 quatuor
605 1041 825 1086 labiorum
871 1039 991 1098 paria
1037 1037 1138 1097 pilis
1185 1037 1391 1081 tenuibus
1438 1032 1512 1078 sed
1548 1031 1681 1076 firmis
1719 1027 2032 1074 circumcincta

363 1112 499 1172 sunt,
555 1130 612 1161 ne
655 1116 800 1173 quid,
847 1111 970 1171 quod
1018 1112 1197 1155 Cancro
1243 1110 1454 1152 alimento·
1500 1104 1743 1156 inserviat,
1784 1098 2033 1158 praeterlabi

361 1193 519 1255 poss'et.

429 1266 584 1314 Chelae
619 1279 644 1309 e
678 1274 868 1322 quatuor
899 1258 1099 1304 constant
1134 1252 1361 1310 articulis,
1403 1263 1643 1307 earumque
1677 1251 1797 1308 carpi
1821 1248 2032 1296 introrsus

363 1344 530 1394 dentati
566 1340 674 1385 sunt.
748 1335 932 1393 Reliqui
964 1332 1103 1394 pedes
1136 1332 1335 1390 quinque
1370 1326 1535 1372 habent
1556 1326 1769 1371 articulos
1793 1359 1807 1381 ‚
1843 1340 2034 1385 quorum

362 1415 581 1468 secundus
613 1411 783 1457 caeteris
819 1407 955 1467 major
989 1406 1048 1451 est
1072 1440 1085 1460 ,
1122 1403 1167 1450 &
1201 1407 1247 1449 in
1283 1415 1461 1448 acutum
1484 1401 1747 1458 firmumque
1772 1416 2033 1450 mucronem

361 1496 577 1544 desmunt.
646 1487 772 1531 Paria
806 1496 992 1541 utraque
1025 1483 1176 1540 priora
1208 1480 1402 1524 anterius
1425 1514 1437 1535 ‚
1475 1489 1661 1534 utraque
1686 1490 1794 1522 vero
1818 1479 2034 1537 posterio-

363 1586 411 1618 ra
442 1565 660 1629 posterius
693 1571 871 1605 curvata
904 1570 1038 1616 atque
1071 1555 1232 1600 reflexa
1253 1554 1350 1598 sunt
1375 1587 1388 1608 ,
1424 1566 1514 1611 quo
1538 1553 1700 1598 auxilio
1724 1555 1883 1600 animal
1907 1571 2034 1615 aeque

366 1643 497 1692 facile
535 1634 784 1698 procedere
821 1646 870 1677 ac
903 1629 1318 1692 retrogredspotest
1352 1626 1458 1690 (c)
1526 1626 1745 1673 Ultimum
1767 1630 1932 1688 pedum
1955 1647 2035 1692 par

167 1733 267 1772 Tab.
298 1717 547 1778 11,1·eliquis
580 1708 721 1756 multo
751 1706 923 1767 planius
959 1704 1019 1749 est
1041 1738 1058 1762 ,
1097 1703 1142 1749 &
1176 1704 1230 1749 ad
1254 1704 1447 1748 exterius
1469 1702 1651 1748 secundi
1674 1707 1858 1752 membri
1880 1708 1993 1753 latus
2016 1746 2030 1768 ,

168 1785 475 1836 fig·1·D·duas
519 1790 708 1834 minutas
754 1783 925 1830 subulas
970 1782 1139 1840 habet,
1185 1781 1459 1841 reliquorum
1494 1781 1779 1829 articulorum
1814 1787 2034 1847 margines

364 1865 465 1928 pilis
499 1864 647 1910 obfitae
683 1862 797 1906 sunt.
1165 1900 1170 1901 t

430 1935 618 1986 Inferius
651 1939 697 1981 in
732 1946 889 1980 ventre
922 1931 1190 1977 crustaceam
1225 1927 1444 1986 quandam
1475 1932 1734 1987 particulam
1758 1945 1944 1993 gerunt,
1982 1934 2037 1979 li·

170 2008 465 2062 Fi&NH-cem
501 2026 596 2057 eam
634 2008 819 2054 caudam
852 2017 1016 2051 vocare
1040 2036 1055 2058 .,
1090 2005 1134 2047 in
1157 2002 1349 2047 maribus
1372 2015 1396 2046 e
1417 2016 1609 2060 quatuor
1631 1999 1915 2064 compositam
1938 2022 2036 2067 par-

367 2089 485 2136 tibus
507 2085 593 2131 five
617 2081 816 2128 incisuris
837 2114 852 2138 ,
889 2092 1073 2138 quarum
1097 2076 1290 2122 secunda
1311 2077 1497 2123 maxima
1521 2078 1608 2134 est,
1644 2078 1841 2139 superius
1864 2083 1908 2127 in
1932 2098 2035 2130 acu-

1931 2174 2035 2206 men

421 2302 499 2350 (c)
536 2302 582 2339 In
612 2293 810 2336 Celfiffimi
837 2288 1035 2340 Principis
1064 2288 1372 2329 Arausionenfis
1396 2288 1435 2326 &
1454 2287 1626 2328 Naffavii
1649 2290 1953 2343 Gazophylacio
1972 2297 2036 2336 in-

371 2359 618 2400 strufflffimo
651 2358 857 2395 Cancrum
886 2351 969 2391 vidi
991 2380 1002 2401 9
1035 2350 1156 2401 cujus
1182 2351 1305 2399 pedes
1334 2350 1417 2387 duo
1438 2349 1664 2388 anteriores
1686 2378 1698 2398 ,
1728 2359 1774 2388 ut
1795 2350 1834 2389 in
1854 2354 1943 2393 aliis
1965 2357 2036 2395 de-

372 2421 507 2458 orsum
530 2446 541 2467 ,
580 2413 820 2467 posteriores
859 2424 959 2450 vero
1001 2412 1157 2450 sursum
1199 2410 1355 2450 moveri
1388 2412 1549 2460 possunt
1569 2440 1581 2461 ⁷
1619 2411 1675 2450 ita
1705 2420 1753 2450 ut
1780 2412 1858 2452 hoe
1889 2417 2039 2457 animal

373 2489 459 2518 tam
502 2480 657 2520 sursum
694 2486 818 2526 quam
857 2474 1049 2514 deorsum
1089 2471 1131 2523 in
1169 2473 1299 2514 solum
1341 2475 1540 2517 converso
1578 2480 1722 2513 ventre
1761 2485 1928 2518 currere
1969 2489 2039 2518 va-

371 2542 470 2580 leat.
