2262 3182
568 193 1448 243 SUBSECIVA.
1810 223 1865 266 15

191 322 266 367 sub
291 334 480 382 corpore
504 321 764 376 fledantum
799 323 939 369 biduo
963 337 1071 369 vero
1096 323 1301 369 triduove
1323 325 1578 386 interjthQ
1616 332 1753 378 crusta
1775 347 1866 379 ma-

188 399 256 460 gis
291 398 520 459 magisque
553 397 794 442 indurescit
818 429 832 450 ,
867 396 918 442 &
952 398 1042 456 ipsc
1075 400 1241 456 pariter
1266 400 1448 445 Astacus
1475 403 1610 448 robur
1633 406 1864 465 pristinum

187 471 240 518 &
273 473 386 515 vires
421 483 654 530 recuperat
677 504 694 528 ‚
732 472 788 516 ita
815 484 862 514 ut
883 484 1052 529 paucos
1076 472 1190 516 intra
1218 472 1313 518 dies
1336 474 1527 534 pristinae
1555 479 1766 527 reddatur
1789 499 1861 530 va.

187 544 390 590 letudini.
462 543 620 590 Infelix
655 558 763 590 vero
796 543 858 589 est
879 577 893 599 ‚
930 545 957 588 fi
989 545 1111 604 prius
1147 560 1275 604 quam
1312 549 1518 608 praedieia
1542 554 1795 602 membrana
1816 560 1862 605 in

188 619 370 665 crustam
408 619 609 664 indurata
642 620 722 677 fit,
759 619 871 665 statu
894 620 982 664 hoc
1007 621 1200 676 imbelli,
1238 624 1290 668 ab
1314 624 1402 670 alio
1425 624 1529 671 sano
1552 639 1684 685 atque
1707 633 1864 677 robus-

189 707 235 739 to
273 692 631 754 deprehendatur
666 695 829 742 Astaco
851 729 866 751 ,
913 695 987 741 hic
1030 698 1146 741 enim
1181 709 1388 757 tanquam
1424 715 1554 747 verus
1587 702 1860 754 Cannibalus

187 771 311 816 illum
334 803 347 825 ‚
383 771 470 815 fine
506 771 594 816 ulla
629 769 929 816 misericordia
954 803 967 822 ‚
999 769 1215 815 devorare
1251 786 1342 818 non
1377 775 1596 830 cessarem
1632 794 1763 838 quam
1786 797 1859 829 ca.

186 845 450 900 lamitatem,
485 857 534 889 ut
567 843 780 906 effugiant
803 843 977 900 Astaci,
1012 843 1215 891 instinctu
1237 847 1354 905 quafi
1376 850 1560 896 naturali
1585 886 1599 907 ‚
1634 852 1710 899 sub
1738 869 1862 904 crus..

189 933 244 966 tae
277 918 500 966 mutandae
537 932 710 980 tempus
731 953 750 978 ,
787 918 831 964 se
865 918 1110 965 subducere
1143 918 1195 968 <Sc
1227 922 1281 968 ab
1316 922 1409 969 aliis
1430 924 1604 973 Astacis
1627 928 1861 995 segregare

187 994 376 1040 student.

251 1065 422 1128 Quodsi
447 1067 683 1123 Astacum,
723 1069 892 1113 recenti
928 1067 1019 1127 ejus
1055 1069 1194 1114 crusta
1211 1070 1297 1129 jam
1322 1073 1553 1133 indurata,
1591 1091 1692 1124 curn
1719 1082 1858 1128 crusta

186 1142 325 1186 veteri
363 1142 524 1200 abjec'ta
558 1153 790 1197 compares
816 1171 830 1192 ‚
867 1141 1059 1186 eundem
1086 1175 1099 1195 ‚
1136 1146 1283 1199 quoad
1317 1148 1371 1191 ad
1395 1152 1572 1195 cunftas
1597 1153 1687 1210 ejus
1709 1169 1857 1212 partes

184 1215 326 1261 multo
359 1215 566 1275 majorem
601 1226 857 1270 reperturus
896 1213 990 1271 est,
1031 1229 1245 1274 quantum
1277 1219 1445 1266 scilicet
1469 1221 1548 1268 illo
1571 1238 1688 1270 anno
1711 1228 1856 1274 incre-

184 1289 323 1333 menti
356 1286 544 1344 accepit.
613 1282 748 1328 Unde
774 1284 976 1342 conjetftu
998 1285 1129 1330 facile
1149 1287 1235 1344 est,
1274 1291 1480 1338 Astacum
1505 1311 1595 1341 110„
1615 1299 1854 1348 admodum

185 1363 329 1407 subito
362 1357 616 1405 adolescere
651 1354 774 1416 posse
800 1390 813 1412 ‚
848 1370 947 1402 nam
980 1372 1063 1417 per
1097 1359 1260 1421 integri
1289 1366 1389 1409 anni
1423 1365 1606 1425 spatium
1642 1386 1731 1417 non
1756 1374 1857 1433 plus

184 1434 448 1480 incrementi
483 1431 690 1490 accepit,
735 1443 866 1487 quam
900 1444 1056 1476 recens
1087 1433 1228 1478 crusta
1253 1437 1545 1496 amplitudine
1570 1457 1764 1492 veterem
1791 1447 1857 1493 su·

180 1523 320 1571 perat.
383 1507 498 1553 LEE
515 1520 640 1553 UWE
657 1520 687 1552 N
704 1519 732 1549 H
749 1518 815 1549 OE
832 1520 929 1550 KIU
946 1521 964 1550 S
1000 1507 1098 1568 (r)
1135 1511 1354 1557 variorum
1379 1515 1638 1564 Astacorum
1663 1521 1815 1567 crustis
1840 1557 1853 1579 ,

185 1598 314 1630 aceto
349 1581 560 1642 impositis
592 1614 605 1634 ‚
650 1595 674 1625 e
710 1579 896 1624 lamellis
930 1580 1051 1625 unde
1086 1581 1183 1626 talis
1218 1585 1322 1629 testa
1356 1588 1602 1637 constructa
1636 1607 1768 1652 erat,
1815 1595 1856 1641 sc

185 1655 382 1702 didicisse
416 1655 631 1701 existimat
651 1687 666 1709 ‚
701 1653 886 1698 Astacos
918 1653 1020 1698 illos
1058 1669 1145 1711 12,
1187 1670 1240 1717 13
1277 1657 1328 1706 ἃ
1360 1666 1415 1709 16
1441 1677 1658 1715 annorum
1685 1682 1857 1716 ceratem

184 1730 391 1792 attigitTe.

203 1835 213 1838 -
251 1803 510 1850 Mirandum
545 1816 652 1847 vero
686 1803 907 1857 maxime,
941 1801 1147 1850 Astacum
1181 1808 1239 1851 ita
1264 1809 1448 1857 crustam
1472 1827 1820 1864 commutantem
1843 1855 1857 1877 ,

183 1894 351 1926 novum
386 1881 515 1924 etiam
550 1880 598 1926 V
602 1878 868 1924 entriculum
905 1880 1098 1925 nancisci
1124 1915 1137 1937 ‚
1173 1885 1248 1941 qui
1281 1887 1398 1932 circa
1431 1904 1627 1937 veterem
1662 1895 1858 1940 succres-

187 1955 246 1999 cit
270 1986 284 2008 ,
319 1951 370 1998 δε
401 1952 483 1996 hac
511 1953 683 1995 ratione
713 1949 918 2008 pristinus
952 1951 1239 2001 Ventriculus
1270 1961 1461 2017 primum
1485 1967 1656 2025 p‘raebet
1679 1968 1858 2015 alimen-

186 2041 276 2073 tum
303 2059 316 2081 ,
351 2025 474 2084 quod
509 2037 652 2068 novus
690 2022 876 2081 digerat.

249 2097 486 2154 Postquam
513 2109 536 2138 e
563 2094 702 2138 crusta
721 2098 862 2139 veteri
895 2099 1112 2158 prorepsit
1147 2101 1311 2150 astacus
1337 2141 1351 2162 ,
1386 2108 1459 2155 illa
1488 2111 1531 2156 se
1561 2112 1752 2174 superne
1777 2118 1858 2162 ite-

186 2187 280 2219 rum
316 2172 519 2227 claudit,
555 2169 600 2215 ὅτ,
632 2170 687 2215 fic
726 2172 988 2218 omnimodo
1024 2177 1174 2221 vivum
1204 2180 1339 2226 refert
1374 2184 1581 2232 Astacum
1608 2222 1621 2244 ,
1656 2204 1730 2245 ut,
1764 2191 1854 2234 visu

187 2247 280 2295 solo
302 2248 580 2306 decipiamur
604 2282 616 2302 ‚
656 2261 889 2305 oporteat,
927 2247 998 2292 sed
1028 2252 1142 2295 taciu
1164 2255 1378 2312 ponderis
1404 2259 1638 2309 discrimen
1666 2264 1784 2309 hmnc
1802 2265 1854 2309 ab

185 2322 264 2368 illo
299 2336 403 2367 mox
436 2320 676 2380 distinguit.
746 2322 791 2366 In
818 2323 956 2367 crus‘tt'i
979 2323 1172 2383 abjeehi,
1208 2329 1327 2373 intus
1351 2331 1497 2378 adhuc
1523 2336 1859 2398 cartilagineum

186 2396 294 2442 illud
321 2429 334 2451 ‚
370 2395 496 2454 quod
527 2394 709 2456 majores
748 2395 888 2442 chelte
923 2400 1192 2458 continent,
1230 2403 1455 2451 invenitur
1475 2440 1487 2461 ,
1521 2409 1580 2454 ita
1605 2424 1652 2455 ut
1673 2410 1856 2457 Astacus

1733 2489 1856 2545 quic*

239 2596 321 2644 (r)
358 2594 511 2636 Οδῑεῑνει
542 2597 809 2648 Epistolarum
840 2599 1186 2654 continuatione,
1225 2616 1316 2656 pag.
1348 2608 1400 2657 76
1430 2606 1470 2647 &
1499 2613 1563 2660 78.
