2262 3182
525 191 1398 247 SUBSECIVA.
1708 204 1792 239 111

33 384 37 385 ⁷
111 342 236 404 genis
268 334 418 384 vitreis
455 345 567 391 aqua
601 331 770 375 marina
804 326 987 388 repletis
1034 324 1291 372 servaverim
1316 357 1331 380 ‚
1376 324 1421 370 in
1458 324 1582 370 coitu
1617 336 1696 371 eos
1730 338 1799 373 rev

109 413 388 475 prehendere
424 422 652 467 nunquam
688 406 894 466 contigit.

176 488 368 534 Simulac
404 501 458 531 ex
495 485 630 531 ovulo
667 482 828 529 exclusi
867 480 992 535 sunt,
1031 477 1250 536 operculo
1283 475 1337 521 ad
1374 471 1663 520 claudendam
1690 488 1799 520 con·

109 563 237 609 cham
272 562 439 608 idoneo
465 594 480 618 ‚
530 557 654 618 quod
703 555 952 603 substantiae
988 566 1166 598 corneae
1204 549 1269 596 est
1295 582 1308 604 ‚
1350 546 1587 594 insti-ucios
1615 549 1702 607 jam
1737 551 1798 595 vi-

112 635 230 683 deas.

174 712 736 757 SwAMMERDAMms
792 705 894 767 (n)
942 706 1141 767 linguam
1187 700 1370 762 quidem
1426 699 1615 745 turbinis
1670 699 1796 760 hujus

109 787 316 840 littorei,
368 784 442 829 sed
477 783 641 828 mortui
677 780 954 836 delineavit3
1005 780 1050 827 &
1086 780 1188 839 quia
1224 777 1452 840 singularis
1487 790 1536 822 ea
1574 774 1798 823 struerurae

109 863 197 919 est,
244 860 290 908 &
325 861 480 907 eadem
513 859 687 903 ratione
711 893 722 914 ,
773 870 859 915 qua
891 854 1161 901 Balanorum
1198 851 1376 911 spirales
1411 863 1584 911 partes,
1622 849 1799 910 usurpa-

110 950 181 985 tur
228 938 322 1002 (ο)
348 971 363 992 ‚
406 935 568 982 eodem
613 948 704 992 quo
752 929 914 978 animal
949 928 1070 976 illam
1102 942 1126 974 e
1162 927 1366 974 faucibus
1402 926 1671 974 extendebat
1704 918 1958 1007 nro-XJRR

110 1027 288 1070 mentO,
331 1009 644 1059 delineandam
676 1008 841 1055 curavi.
1804 1021 1876 1070 fig.

552 1168 660 1236 De
706 1164 974 1235 Echinis
1023 1162 1336 1232 Mas’inis'.

173 1349 483 1398 Nobiliffimus
527 1352 840 1399 memus
888 1365 1045 1398 omnes
1093 1349 1282 1396 echinos
1327 1350 1373 1393 in
1409 1344 1690 1392 Naturalium
1727 1358 1803 1407 gae

111 1424 385 1484 zophylaciis
420 1440 444 1469 a
478 1425 522 1471 se
557 1426 824 1485 conspe8mS
859 1427 902 1472 in
941 1427 1146 1489 singulari
1190 1425 1247 1471 de
1283 1422 1369 1468 illis
1405 1420 1660 1480 conscrIpto
1694 1434 1806 1466 trac·

111 1508 204 1542 tatu
240 1500 265 1555 (
279 1501 349 1559 p)
384 1513 677 1554 enumerans,
716 1503 760 1546 in
798 1514 884 1545 tres
922 1501 1075 1547 classes
1109 1501 1213 1546 illos
1248 1497 1482 1544 distribuit.

177 1570 379 1635 Claffium
410 1575 555 1634 prima
592 1575 691 1621 illos
727 1575 1047 1635 compleffltur
1069 1612 1082 1635 ,
1129 1575 1292 1636 quibus
1327 1575 1372 1619 in
1404 1573 1598 1628 vertice,
1644 1572 1699 1618 ad
1732 1583 1806 1617 ex-

108 1659 336 1695 crementa
361 1649 661 1694 *exoneranda
697 1680 711 1703 ,
775 1661 982 1705 apertura
1021 1652 1118 1693 est:
1176 1651 1224 1694 hi
1258 1650 1580 1694 ANochm
1613 1648 1669 1693 ab
1704 1647 1803 1706 ipso

110 1732 345 1767 vocantur.

173 1792 368 1841 Secunda
403 1805 459 1838 ex
492 1795 545 1838 iis
575 1794 747 1839 constat
783 1793 1043 1851 speciebus,
1081 1805 1190 1851 quas
1224 1791 1631 1838 KA'rocvsTos
1666 1791 1804 1855 dicit„

52 1866 55 1869 ’
106 1868 156 1916 id
190 1867 284 1923 est,
314 1879 566 1928 aperturam
600 1868 656 1914 ad
691 1880 975 1914 excrementa
1010 1865 1255 1928 ejicienda,
1292 1865 1405 1913 infra
1438 1869 1484 1916 in
1519 1865 1691 1927 fundo,
1728 1868 1807 1915 ha.

107 1941 294 1987 bentes:
724 1990 726 1994 ,

179 2017 329 2065 Tertia
363 2014 881 2075 PLEUROCYSTos,
925 2017 1015 2064 hoc
1048 2017 1137 2074 est,
1182 2017 1384 2064 foramen
1420 2016 1534 2063 istud
1567 2018 1640 2064 scu
1677 2033 1806 2079 aper·

113 2103 254 2136 turam
290 2092 584 2136 excrementis
620 2091 902 2138 effundendis
941 2092 1279 2153 inservientem,
1317 2107 1401 2140 nec
1434 2094 1482 2139 iu
1518 2095 1683 2142 vertice
1718 2109 1805 2142 nec

112 2169 158 2214 in
193 2166 367 2220 fundo,
400 2165 474 2211 sed
507 2169 551 2212 in
587 2168 725 2214 latere
760 2168 1008 2225 habentes,
1044 2175 1266 2220 continet.

177 2242 278 2288 Alia
312 2242 445 2287 etiam
481 2243 652 2289 ratione
687 2245 733 2289 in
769 2244 875 2293 duas
909 2244 1060 2293 classes
1095 2246 1300 2297 Echinos
1330 2247 1557 2311 disponit,
1602 2248 1804 2297 Emm-

1602 2336 1804 2372 sos‘ro-

167 2404 255 2452 (n)
282 2403 382 2442 Tab.
413 2403 482 2442 IX.
512 2404 583 2455 fig.
609 2404 700 2445 XX.

165 2464 248 2512 (ο)
283 2463 395 2502 Vide
425 2465 531 2505 infra
559 2479 650 2517 pag.

164 2525 249 2574 (p)
276 2524 491 2567 Naturalis
518 2528 716 2580 Dispositio
741 2530 888 2573 Echino
914 2535 1130 2575 dermatum
1153 2537 1296 2586 gedan.
1335 2543 1451 2586 1734.
1481 2534 1618 2584 postca
1646 2533 1686 2574 in
1718 2534 1797 2576 lin-

118 2595 244 2634 guam
274 2585 474 2626 Gallicam
502 2592 665 2640 versus,
696 2592 769 2632 sub
800 2593 947 2645 titulo,
978 2595 1249 2647 Obscrvations
1281 2597 1356 2649 sur
1384 2599 1436 2642 les
1466 2597 1617 2652 Ourfins
1644 2601 1688 2640 cle
1715 2611 1797 2643 mer

119 2646 165 2695 &⁹
188 2650 337 2701 Foffiles.
364 2649 493 2690 Paris.
537 2661 653 2704 1754.
