2262 3182
383 215 441 279 33
838 197 1642 250 OPUSCULA.

452 343 615 390 Ovaria
667 335 969 384 Cochlearurn
1025 332 1352 380 flavescentium
1397 339 1522 378 erant
1577 330 1730 377 similia
1771 330 2076 379 Cochlearu-rn

384 419 631 481 vulgarium
654 449 668 471 ‚
714 427 869 473 parum
908 411 1100 457 rotunda
1133 409 1184 456 ἅ
1219 410 1387 456 elevata
1412 443 1426 466 ‚
1473 409 1550 455 fibi
1586 422 1745 456 mutuo
1779 407 2082 457 adhaerescen-
2146 442 2152 446 s

388 501 444 545 tia
471 512 481 541 :
530 493 604 540 sed
640 505 691 538 ea
724 489 1010 536 cochlearum
1044 487 1365 533 fornicatarum
1399 497 1523 530 era-nt
1556 486 1717 545 plana,
1763 484 1982 544 applicata
2018 483 2082 529 vi-

387 586 457 620 tro
480 607 495 628 ,
538 584 632 617 non
668 581 717 613 ut
750 566 835 612 alia
869 563 1057 609 multum
1093 563 1210 607 inter
1244 561 1286 606 se
1326 560 1716 615 cohaerescebant‚
1760 561 1834 607 sed
1868 574 1996 609 motu
2029 557 2081 608 &

385 647 599 700 concuffu
630 659 756 704 aquae
793 640 1140 688 dissolvebantur
1175 635 1220 683 ἃ
1255 638 1300 683 in
1336 636 1524 682 fundum
1558 639 1791 685 cadebant.

452 727 617 774 Ovaria
660 720 991 767 flavescentium
1035 715 1340 763 Cochlearum
1389 713 1520 758 instar
1557 713 1646 758 albi
1679 714 1861 774 glutinis
1896 725 2081 772 appare-

386 806 523 858 bant,
558 795 858 854 microscopio
892 793 1107 852 spectata,
1143 789 1406 836 intrinsecus
1441 787 1635 833 maculas
1671 787 1754 833 five
1788 789 1950 846 puncta
1972 788 2082 834 flava

387 879 646 927 habebant:
691 883 845 919 verum
881 867 1014 915 ovula
1060 866 1280 912 Cochleae
1313 865 1549 910 fornicatae
1584 861 1713 907 instar
1748 877 1894 910 arenae
1934 866 2082 911 tenuis

385 955 675 1006 videbantur,
709 947 841 1007 plane
875 942 1262 1005 perspicuae‚.nifi
1297 940 1423 1002 quod
1458 937 1679 1000 punctum
1717 939 1913 986 medium
1949 940 2085 988 fuerit

388 1047 441 1079 ex
475 1030 578 1076 albo
616 1027 862 1071 cinereum.

453 1105 677 1150 Omittere
712 1113 922 1159 neque0‚
957 1098 1243 1145 flavescentes
1278 1096 1406 1142 hasce
1442 1093 1668 1142 Cochleas
1695 1093 1827 1138 etiam
1862 1107 1957 1139 non
1989 1107 2082 1141 uno

386 1181 642 1238 eodemque
676 1188 910 1234 tempore,
943 1175 1094 1219 omnia
1128 1173 1262 1220 ovula
1295 1174 1434 1229 eniti,
1471 1171 1547 1217 sed
1570 1170 1764 1229 aliquam
1789 1183 1960 1216 tantum
1983 1185 2088 1229 par·

387 1271 506 1315 tem,
542 1257 641 1316 post
676 1256 793 1303 duos
830 1253 968 1300 tresve
1004 1253 1099 1298 dies
1134 1251 1246 1309 alia,
1282 1264 1330 1297 ut
1364 1263 1576 1302 numerus
1597 1248 1839 1305 increscat,
1873 1261 2006 1308 atque
2028 1250 2088 1303 ita

385 1348 556 1394 porro,
593 1331 741 1377 donec
776 1332 955 1390 penitus
988 1329 1069 1375 smt
1103 1343 1270 1375 vacuae.

448 1409 627 1456 Verum
664 1419 981 1465 quamcunque
1016 1405 1296 1451 adhibuerim
1333 1402 1616 1465 diligentiam
1649 1414 1698 1446 ut
1733 1401 1830 1446 haec
1856 1399 1989 1446 ovula
2012 1414 2086 1446 ex-

385 1483 701 1536 cluderentur,
736 1483 831 1526 voti
868 1494 1060 1538 compos
1083 1480 1226 1526 factus
1261 1495 1356 1526 non
1380 1479 1502 1533 sum,
1535 1478 1736 1535 quamvis
1760 1475 1938 1522 duobus
1961 1490 2089 1522 men·

384 1557 503 1603 fibus
537 1553 850 1601 custodiverim
879 1587 894 1610 ,
939 1550 985 1598 &
1031 1553 1235 1613 quotidie
1268 1566 1428 1614 aquam
1462 1552 1678 1603 marinam
1713 1563 1941 1609 recentem
1982 1565 2088 1610 pro-

388 1633 651 1695 pinaverim.

456 1707 655 1771 Quando
687 1704 835 1750 mense
866 1700 1113 1748 Februario
1145 1697 1196 1746 δε
1231 1697 1404 1744 Martio
1439 1699 1681 1748 recedente
1716 1703 1856 1759 mari,
1893 1704 1940 1747 in
1962 1703 2087 1749 litto-

391 1784 512 1831 ribus
547 1779 675 1839 hujus
724 1776 885 1823 Insulae
931 1775 1200 1834 spatiamur,
1247 1774 1293 1818 in
1341 1787 1476 1818 arena
1510 1787 1716 1836 magnam
1752 1775 2086 1824 multitudinem

198 1899 225 1925 a
246 1885 339 1924 Tab.
389 1862 649 1920 exiguarum
682 1852 992 1901 Veficularum
1031 1851 1264 1911 videmus,
1311 1868 1338 1899 a
1373 1867 1475 1912 quae
1510 1851 1633 1899 collo
1674 1851 1844 1899 inflexo
1879 1853 2091 1902 inhaeres.

196 1935 500 1987 V.fig.1.cunt
546 1944 692 1976 arenae
718 1962 732 1983 ‚
777 1927 848 1973 hae
893 1925 1196 1985 microscopio
1242 1925 1449 1985 spectatae
1486 1927 1774 1974 observantur
1810 1928 1954 1975 ovulis
1989 1930 2084 1976 Au-

394 2007 523 2054 rantii
559 2004 627 2052 vel
660 2004 771 2050 fulvi
805 2002 973 2048 coloris
1005 2002 1166 2062 plenae.
1236 2001 1307 2047 Ex
1342 2002 1410 2048 his
1441 2001 1727 2062 Amphitritae
1750 2005 2088 2068 propignuntur

192 2096 363 2135 bTab.V.
396 2097 496 2142 quae
531 2094 674 2135 natae,
709 2094 815 2126 mox
851 2081 897 2125 in
930 2081 1075 2126 arenis
1112 2079 1154 2124 se
1186 2079 1467 2126 abscondunt
1500 2081 1542 2126 b.

196 2146 397 2196 fig.1.c.-
455 2157 576 2204 Cum
612 2156 889 2203 Corallinam
913 2190 927 2212 ,
974 2154 1242 2201 sertulariam
1275 2156 1465 2215 aliasque
1501 2154 1672 2214 plantas
1707 2157 1895 2203 marinas
1940 2155 2087 2204 aestate

392 2235 720 2289 examinamus,
755 2231 1024 2291 multiplicia
1048 2231 1299 2295 detegimus
1323 2234 1501 2289 ovariag
1539 2234 1759 2280 nonnulla
1782 2233 2087 2281 Vesicularum

391 2310 521 2354 instar
555 2310 644 2355 vidi
679 2310 919 2356 inmediate
951 2323 1122 2354 annexa
1168 2309 1272 2372 (x)
1310 2308 1554 2355 Coi-allinis
1579 2341 1593 2360 ‚
1639 2308 1722 2353 alia
1757 2307 1875 2366 quafi
1912 2322 2002 2367 ope
2039 2306 2091 2353 fi-

192 2386 368 2426 cTab.V.
388 2384 612 2430 brillarum
638 2401 659 2431 c
694 2385 765 2431 vel
799 2385 1097 2444 appendentis
1131 2383 1284 2443 pedis:
1322 2385 1604 2444 contigit‚ut
1628 2383 1672 2426 in
1699 2381 1789 2426 sole
1813 2382 2091 2441 aprico,hu·

191 2436 309 2489 figff·
385 2456 582 2516 jusmodi
618 2459 849 2506 vesse-ulam
889 2462 1185 2506 examinarem
1213 2493 1226 2511 ,
1273 2471 1321 2503 ut
1358 2460 1638 2517 operiretur,
1684 2469 1777 2501 tum
1814 2459 1945 2505 faetus
1985 2459 2091 2505 hinc

390 2533 495 2579 inde
531 2535 645 2579 miro
681 2536 820 2582 modo
853 2551 934 2600 per
956 2538 1116 2583 vitrum
1143 2535 1533 2596 dispergebantur,
1575 2532 1955 2591 quemadmodum
1982 2547 2092 2580 tem-

1974 2624 2087 2669 porc

445 2718 519 2771 (x)
551 2720 629 2760 D0.
659 2721 774 2759 ELLls
798 2717 931 2760 fimiles
950 2719 1131 2766 delineat,
1160 2718 1220 2758 sed
1242 2730 1429 2771 perperam
1451 2730 1518 2769 pro
1539 2717 1616 2757 ovis
1637 2718 1864 2770 Polyporum
1884 2717 2009 2759 habet.
