2262 3182
353 185 413 219 22
796 152 1596 204 oPUSCULA

361 294 706 359 proficiscuntur
728 321 742 343 ,
776 288 843 332 bis
878 285 1143 346 plerumque
1179 285 1383 345 quotidie
1408 299 1488 345 per
1510 277 1748 330 mdximum
1771 282 1858 330 diei
1880 281 2032 328 aestum

365 372 609 418 subsistunt.
681 366 766 408 iter
799 362 886 407 hoc
919 364 1224 423 ingredientes
1259 363 1398 405 teneri
1433 361 1529 406 sunt
1554 358 1599 406 &
1627 362 1850 423 pingues,
1884 359 2032 402 cibus-

331 450 336 454 ’
369 459 455 504 que
491 439 828 485 delicatissimus.
897 437 968 481 Ad
1003 438 1125 481 littus
1160 436 1292 481 delati
1320 469 1335 494 ,
1369 450 1488 481 mare
1513 470 1529 494 ,
1565 436 1714 495 pullos
1743 437 1888 495 primo
1910 433 2038 485 alitu-

365 533 460 566 rum
489 551 503 571 ‚
542 515 658 574 quafi
691 513 924 572 inspeeiuri
957 511 1229 568 aliquamdiu
1261 523 1489 554 morantur
1514 542 1528 563 ‚
1563 523 1666 554 mox
1691 524 1776 553 tam
1800 520 1942 568 prope
1966 519 2037 549 ac-

369 596 540 640 cedunt
576 591 629 635 ad
665 604 820 647 aquam
849 621 862 643 ‚
901 599 948 630 ut
971 586 1151 629 undulae
1174 598 1338 643 corpus
1363 598 1518 643 terque
1542 598 1786 643 quaterque
1812 580 2041 628 transflue-

365 684 412 715 re
445 704 458 725 ‚
491 667 628 726 idque
664 665 845 708 abluere
880 660 1053 720 possint.
1124 659 1232 723 Quo
1263 659 1404 715 fausto,
1439 661 1713 719 propinquas
1736 670 1895 718 petunt
1917 656 2041 700 silvas

366 743 412 790 ὅζ
445 754 596 802 prata,
632 753 712 799 per
743 740 882 782 breve
920 749 1095 794 tempus
1131 735 1338 793 quieturi.
1406 733 1582 780 Refeffi
1609 769 1623 790 ‚
1657 734 1712 780 ad
1737 747 1856 778 mare
1880 733 2041 776 iterum

377 817 604 869 tendunt,
641 814 771 858 undis
809 812 850 856 se
887 811 1029 869 perlui
1065 811 1208 855 finunt
1233 843 1247 864 ,
1283 823 1457 868 ovaque
1490 809 1562 855 sua
1595 811 1641 854 in
1678 823 1808 854 arena
1830 807 1945 852 fluxa
1969 803 2046 849 de-

380 903 556 953 ponunt
592 887 710 948 (z).
792 885 872 929 His
909 886 1072 946 genitis
1094 917 1109 939 ‚
1154 884 1305 929 denuo
1338 885 1505 928 marina
1536 883 1673 929 abluti
1705 899 1817 943 aqua
1841 900 1861 938 ς
1890 882 2051 926 eodem

385 967 572 1018 ordine,
607 963 881 1021 eademque,
918 974 1005 1019 qua
1029 974 1270 1016 venerant,
1305 962 1373 1005 via
1397 960 1600 1005 redeunt.
1668 958 1786 1004 Tum
1809 970 1916 1002 vero
1940 954 2054 1000 adeo

388 1041 530 1086 macie
576 1036 767 1082 confeffi
803 1048 936 1094 atque
970 1034 1116 1079 defeffi
1153 1035 1251 1081 sunt
1279 1070 1292 1090 ‚
1338 1049 1385 1081 ut
1417 1037 1462 1081 in
1497 1037 1708 1095 proximis
1743 1035 1866 1094 ptius
1901 1031 2010 1078 fllvis
2037 1063 2054 1086 ,

392 1118 509 1162 vires
542 1113 805 1170 recepturi,
850 1110 1071 1154 sttbfistere
1106 1123 1328 1168 cogantur
1357 1141 1370 1162 ‚
1418 1123 1550 1165 quarn
1580 1124 1756 1153 montes
1789 1105 2058 1152 adscendere

389 1189 595 1235 audeant.
671 1184 803 1229 Haud
834 1184 892 1227 ita
925 1181 1067 1228 multo
1101 1182 1198 1240 post
1234 1181 1487 1227 conseeium
1520 1182 1607 1227 hoc
1642 1184 1726 1227 iter
1750 1214 1764 1236 ,
1799 1196 1880 1240 per
1903 1181 1973 1224 sex
1995 1181 2062 1225 fe·

387 1276 435 1309 re
470 1258 772 1304 hebdomadas
806 1270 936 1301 arena
970 1255 1012 1298 se
1048 1255 1322 1310 involvunt,
1359 1269 1415 1300 eo
1451 1256 1666 1313 temporis
1699 1253 1837 1312 spatio
1873 1254 2058 1301 crustam

390 1346 734 1381 commutantes.
801 1330 1046 1374 Anti-orum
1079 1329 1222 1374 aditus
1245 1342 1328 1387 per
1353 1329 1399 1373 id
1423 1342 1597 1388 tempus
1623 1341 1709 1373 tam
1732 1326 1919 1373 sollicite
1944 1327 2063 1373 clau-

392 1408 567 1453 dendos
602 1418 758 1450 curant
776 1438 789 1459 ,
825 1419 873 1450 ut
895 1406 1125 1466 aegerrizne
1148 1404 1398 1467 investigari
1421 1420 1612 1465 queant,
1647 1405 1929 1469 gratiffimum
1953 1395 2061 1452 tunc

397 1479 836 1539 delicatiffimumque
871 1478 1121 1536 praebentes
1157 1479 1323 1523 cibum.

471 1560 573 1603 Ova
607 1559 652 1600 in
687 1568 818 1599 arena
853 1555 982 1599 maris
1016 1553 1213 1613 deposita
1245 1568 1269 1598 a
1302 1552 1393 1598 sole
1424 1553 1762 1609 exeluduntur,
1799 1552 1844 1599 ἅ
1876 1553 1998 1599 fimul
2020 1568 2071 1600 ac

404 1631 577 1693 parvuli
612 1630 717 1675 inde
749 1627 901 1690 egressi
937 1628 1124 1673 cancelli
1159 1627 1284 1673 oboli
1307 1629 1659 1689 magnitudinem
1683 1629 1871 1688 adepti,
1907 1630 2076 1676 sibimet

405 1703 637 1751 consulere
673 1701 822 1746 valent
847 1736 859 1757 ‚
898 1699 1067 1746 infinita
1093 1705 1224 1761 copia
1255 1701 1378 1746 silvas
1411 1715 1566 1760 petere
1590 1701 1924 1761 conspiciuntur
1947 1736 1961 1757 ‚
1997 1701 2080 1747 do-

403 1792 489 1825 nec
534 1775 722 1835 majores
767 1775 1130 1835 robustioresque
1174 1777 1274 1822 faeti
1318 1791 1400 1837 per
1445 1778 1663 1823 montium
1711 1775 1816 1837 juga
1871 1789 2078 1834 parentes

410 1861 628 1910 quaeruut.

479 1925 674 1972 Maximi
709 1924 987 1970 Cunctorum
1026 1924 1499 1979 horumruricolarum
1523 1926 1595 1967 sex
1613 1925 1830 1982 pollicum
1852 1923 2085 1981 adaequant

413 1999 696 2049 latitudinem
726 2032 740 2055 ,
791 1995 837 2041 &
863 1997 1142 2043 Cancrorum
1175 1997 1447 2042 marinorum
1481 2010 1608 2043 more
1642 1996 1824 2053 obIIque
1859 1998 1990 2043 etiam
2024 2002 2091 2045 in-

420 2073 604 2120 cedunt.
2042 2087 2043 2090 ¹

488 2143 784 2190 Pulcherrimi
821 2143 919 2188 sunt
953 2146 1176 2189 variorum
1212 2144 1416 2190 colorum
1441 2178 1454 2201 a
1490 2144 1644 2198 rubei,
1675 2141 1813 2198 lutei,
1848 2144 1960 2203 albi,
1999 2163 2093 2194 om-

427 2221 602 2281 nigenis
647 2217 832 2263 maculis
878 2217 923 2264 &
968 2220 1154 2281 virgulis
1198 2221 1384 2267 distind‘ti
1421 2256 1434 2278 ,
1476 2211 1526 2266 ἅ
1559 2222 1675 2282 nigri
1712 2223 1838 2266 etiam
1865 2256 1879 2278 ‚
1924 2227 2000 2283 qui
2034 2241 2097 2273 ta-

435 2304 537 2337 men
571 2289 840 2349 postetiores
874 2294 1080 2335 venenati
1115 2305 1326 2352 putantur
1358 2327 1372 2349 ‚
1430 2294 1536 2339 dum
1569 2294 1726 2352 reliqui
1763 2295 1932 2356 vulgari
1966 2300 2096 2345 inser-

437 2364 562 2407 viunt
605 2363 722 2408 cibo.
805 2362 968 2409 Cancri
1001 2365 1078 2426 ipfi
1111 2366 1272 2426 plantis
1308 2369 1504 2425 vivunt,
1553 2368 1600 2415 δ’.
1631 2367 1819 2415 multum
1855 2369 2001 2417 damni
2035 2373 2103 2419 in-

2027 2459 2104 2492 CO-

499 2547 581 2594 (z)
616 2548 645 2586 B
660 2559 805 2587 ROWN
832 2551 1015 2590 Natural
1035 2551 1181 2604 Htstory
1209 2554 1256 2604 of
1270 2554 1476 2604 Jamaica,
1506 2565 1596 2605 pag.
1618 2565 1711 2604 423.
