2262 3182
605 158 1490 207 suesacrvA.
1828 180 1888 226 93

206 293 342 338 latere
357 289 506 357 plana
539 288 676 346 sunt
711 288 978 367 &margine
1001 290 1212 350 utrinque
1236 288 1511 355 denticulato
1539 323 1553 348 ,
1588 289 1796 336 dentibus
1819 292 1891 337 lae-

206 368 356 414 vibus
357 324 676 424 ‚iaequalibus
674 398 700 419 ,
724 364 966 426 contiguis.

269 471 342 517 Ad
363 469 524 531 fauces
557 471 766 530 utrinque
797 469 916 515 adest
949 467 1024 516 oss
1027 467 1175 514 culum
1211 479 1462 517 arcuatum
1499 467 1705 515 dentibus
1730 468 1884 518 validiS

172 547 369 594 -obtusis
414 559 625 592 armatum
660 580 675 600 ,
720 545 1104 609 respondentibus
1123 544 1333 609 utrinque
1369 517 1551 591 officulo
1587 544 1887 609 subeartilagi-

202 637 327 678 neo,
365 620 713 681 oblongiuseulo
739 654 752 674 ‚
789 620 921 675 laevi‚
957 606 1144 679 superne
1178 619 1271 664 fito.

268 724 519 782 [mellinum
554 739 608 769 ex
640 725 842 770 faucibus
865 726 979 772 reeta
1004 724 1256 772 extenditur
1277 723 1330 767 ad
1352 715 1483 769 anum
1510 759 1522 777 ‚
1559 724 1719 770 deinde
1745 726 1881 772 flet—“110

202 810 272 844 tur
295 813 434 856 usque
457 800 512 843 ad
536 798 817 860 diaphragma
843 831 855 851 ‚
891 813 914 842 a
938 813 1029 857 quo
1052 801 1208 843 iterum
1236 797 1349 841 redit
1374 800 1488 842 recia
1512 799 1562 841 ad
1589 790 1733 842 anum.
1802 800 1882 846 Est

200 871 438 919 admodum
476 887 676 919 tenerum
708 911 719 929 ‚
770 871 812 918 ἃ
848 870 1016 932 ubique
1048 874 1139 919 fere
1173 871 1367 931 ejusdem
1402 873 1653 931 capacitatis
1682 888 1698 927 :‚
1743 874 1880 931 paulo

197 948 308 993 infra
342 947 489 992 fauces
513 961 666 1005 petrum
691 947 894 992 dilatatur
920 946 964 992 δε
989 945 1260 1007 pyramidale
1285 945 1345 990 est
1370 979 1384 998 ‚
1421 945 1633 992 tendente
1655 947 1880 1008 angustio-

197 1038 243 1070 re
279 1036 401 1080 parte
437 1021 657 1066 deorsum.
727 1021 839 1068 Haec
873 1037 971 1082 pars
1007 1021 1239 1068 ventriculi
1273 1023 1390 1068 vices
1423 1022 1572 1084 gerit:
1641 1022 1712 1069 Ad
1746 1018 1874 1084 pylo-

199 1110 299 1141 rum
331 1093 876 1159 nullaeff1appendices2seu
907 1096 1110 1148 intestina
1147 1110 1281 1141 coeca.

264 1200 487 1245 Incumbit
520 1201 698 1243 exortui
733 1200 965 1245 ventriculi
990 1200 1147 1259 'Hepar
1185 1198 1280 1244 satis
1311 1214 1520 1262 magnum
1544 1234 1557 1255 ‚
1603 1201 1795 1246 validum
1831 1200 1875 1246 &

202 1276 451 1337 oblongum
487 1308 500 1329 ‚
554 1277 626 1319 cui
659 1277 712 1319 ab
755 1277 966 1321 interiore
1003 1273 1048 1320 δὲ
1082 1274 1290 1319 inferiore
1322 1276 1479 1320 dextro
1513 1274 1648 1319 latere
1685 1273 1880 1320 adhaeret

200 1348 350 1410 Vesica
375 1350 517 1408 fellea
554 1349 884 1395 caeruleo-atra
906 1385 919 1403 ‚
956 1349 1054 1394 satis
1087 1362 1272 1409 magna,
1296 1349 1509 1409 globosa,
1546 1340 1725 1394 ducstum
1748 1349 1878 1393 emit·

196 1436 293 1470 tens
316 1458 343 1487 ,Δ
365 1422 529 1467 directe
561 1423 604 1467 in
639 1423 875 1468 ventriculi
905 1435 1076 1482 partem
1111 1421 1384 1468 inferiorem.

260 1529 354 1574 Ubi
386 1527 639 1573 intestinum
675 1528 845 1574 reeium
881 1515 1069 1573 secunda
1101 1528 1197 1572 vice
1220 1527 1273 1572 ad
1297 1542 1428 1573 anum
1456 1527 1569 1574 redit
1594 1559 1612 1584 ,›
1640 1528 1874 1574 concomi-

193 1614 308 1647 tatur
345 1615 368 1645 a
401 1600 595 1660 veficulis
618 1600 933 1662 semz'nalzbus‚
968 1613 1067 1660 quae
1090 1600 1305 1663 oblongae
1326 1600 1375 1648 ἃ
1398 1600 1584 1662 graciles
1601 1635 1614 1654 ‚
1637 1614 1775 1647 totam
1798 1602 1876 1647 ab·

194 1677 387 1722 dominis
409 1674 737 1736 longitudinem
757 1675 851 1739 fere
875 1688 1221 1734 percurrentes:
1254 1676 1420 1720 abeunt
1444 1676 1562 1722 binae
1586 1674 1654 1722 hae
1677 1675 1878 1724 veficulae

189 1757 236 1800 in
275 1754 446 1797 unicam
485 1750 666 1809 fistulam
703 1735 958 1813 intestinum
996 1751 1167 1798 reeium
1203 1753 1604 1798 concomitantem.

252 1860 351 1920 Ves
352 1857 444 1904 cula
479 1863 610 1902 αένεα
646 1831 833 1915 duplex
847 1858 1000 1916 pritnis
1032 1856 1332 1902 vertebrarum
1368 1858 1636 1918 corporibus
1664 1857 1832 1903 adnexa
1858 1889 1873 1913 ‚

188 1935 235 1980 in
273 1936 420 1982 medio
450 1930 660 1978 instrue'ta
697 1933 765 1976 est
783 1932 931 1993 collo
945 1930 1282 1993 angufflffimo,
1321 1946 1486 1991 aperto
1501 1965 1514 1987 ‚
1551 1946 1632 1990 per
1666 1930 1789 1989 quod
1822 1929 1874 1975 li—

189 2011 297 2056 bere
330 2012 405 2054 ae'r
440 1988 684 2066 transgredi
720 2007 879 2064 potest.
951 2006 1006 2052 In
1010 1970 1210 2053 decursu
1234 2040 1248 2062 ‚
1284 2006 1470 2052 funiculi
1495 2006 1612 2065 quali
1636 2020 1724 2064 ope
1750 2038 1764 2060 ‚
1798 2003 1874 2049 ad-

189 2085 349 2146 ligatur
393 2080 574 2138 reliquis
607 2081 933 2142 vertebrarum
929 2080 1239 2143 totponbus
1277 2079 1440 2138 quibus
1474 2093 1566 2124 non
1592 2077 1761 2135 solum,
1798 2075 1872 2121 sed

189 2158 240 2206 &
274 2157 451 2203 renibus
486 2154 647 2199 leniter
668 2156 920 2202 incumbit:
956 2154 1175 2214 percurrit
1198 2143 1285 2198 hoc
1309 2152 1450 2199 viscus
1474 2154 1706 2199 maximam
1731 2153 1868 2200 abdo-

137 2251 142 2264 ·»
187 2232 318 2276 minis
353 2223 698 2291 longitudinem.

260 2334 557 2384 Peritonaeum'
582 2317 853 2398 argenteum
877 2326 1170 2402 splendidum·

1002 2604 1004 2606 ’
1059 2597 1118 2644 Μ
1153 2610 1180 2658 3
1619 2553 1855 2647 ⁴TABU·
