2262 3182
175 586 304 635 arab.
320 586 351 624 1.

175 634 242 687 fig.
259 649 291 675 1.

181 1116 310 1155 bTab.
327 1117 357 1154 Ι.

182 1166 245 1217 fig.
261 1181 297 1206 2.

360 241 437 278 ‘22⁴
817 202 1612 262 OPUSCULA

423 353 595 401 Omnes
629 346 936 396 conservatum
959 341 1157 402 species,
1198 334 1372 384 etiamst
1397 328 1558 381 crebro
1595 334 1792 388 cortice,
1828 335 1906 395 qui
1941 347 2049 380 con·
2082 350 2090 351 ff

363 432 442 478 stat
477 424 646 474 cellulis
679 419 951 481 polyporum
977 453 988 472 ,
1023 410 1342 468 investiantur,
1386 411 1441 456 ab
1476 411 1684 457 omnibus
1720 410 1886 470 plantae
1925 423 2058 471 vege·

366 517 504 551 tantes
538 499 770 544 habentur.
851 492 942 537 Sed
984 493 1239 539 Serzulariae
1270 492 1324 536 de
1358 506 1543 550 quarum
1579 492 1752 553 origine
1788 489 2057 548 disputatur,

368 582 463 627 sunt
498 572 823 622 Corallinarum
859 570 1027 628 species
1052 603 1066 624 ,
1126 584 1226 627 quae
1262 586 1287 614 a
1324 568 1455 627 plana
1491 568 1604 623 bafi,
1638 567 1752 612 duro
1776 565 1959 624 corpori
1982 562 2058 607 ad·

369 651 646 705 haerescunt,
683 663 736 693 ex
771 647 857 693 bas1
896 660 1077 690 truncus
1103 645 1309 702 exit,qui
1334 645 1377 688 in
1404 644 1602 690 ramulos
1625 642 1694 688 vel
1719 641 1828 687 solia
1851 638 2064 700 expandi-

371 726 446 778 turv
473 728 572 773 hoec
605 725 817 785 oblongis
843 720 1013 768 constat
1035 722 1225 786 articulis
1242 755 1254 774 ,
1291 733 1483 778 quorum
1506 733 1606 777 pars
1628 720 1826 777 superior
1849 703 2058 762 deorsum

370 804 645 865 descendens
680 813 911 860 tenuatur,
947 799 1238 858 inseriturque
1271 799 1316 843 in
1353 796 1575 854 sequentis
1609 795 1782 841 articuli
1816 795 2061 855 capitulum

375 882 558 932 craffius.

437 957 633 1023 Quando
672 956 794 1002 omni
828 953 976 999 debita
1008 951 1293 998 accuratione
1339 958 1512 992 teneras
1549 947 1849 992 examinamus
1883 946 2061 992 sertula-

372 1037 483 1090 rias‚
516 1036 581 1079 uti
613 1030 856 1077 examinavi
890 1028 1001 1072 albis
1037 1026 1274 1071 insidentes
1310 1023 1503 1081 tellinis‚
1547 1038 1645 1083 quae
1679 1024 1838 1070 clarius
1873 1025 2065 1072 discerni

371 1104 585 1171 possunt,
632 1110 826 1167 primum
861 1116 1045 1163 apparet
1093 1116 1225 1161 parva
1272 1100 1464 1146 rotunda
1512 1101 1581 1146 vel
1628 1114 1755 1145 ovata
1801 1100 1974 1146 macula
2008 1103 2063 1154 b,

375 1203 476 1248 quae
512 1186 632 1246 quasi
665 1200 720 1231 ex
755 1182 924 1246 guttula
959 1181 1156 1226 humoris
1189 1181 1391 1226 concreti
1423 1178 1645 1238 produ&a
1680 1178 1873 1224 videtur:
1911 1181 1957 1222 in
1980 1173 2063 1222 hae

375 1262 546 1320 aliquot
582 1260 711 1305 lineae
748 1257 879 1303 fuscae
914 1256 1214 1316 lnicroscopio
1244 1255 1528 1314 spectantur,
1565 1271 1666 1314 quae
1689 1270 1713 1299 a
1736 1254 1988 1313 peripheria
2009 1251 2067 1299 ad

376 1351 579 1386 centrum
614 1348 922 1382 concurrunt:
972 1348 1026 1379 ex
1058 1334 1208 1378 medio
1241 1324 1418 1396 assurgit
1465 1332 1694 1379 trunculus
1717 1367 1731 1386 ,
1779 1332 1856 1390 qui
1898 1332 2065 1390 primus

377 1413 443 1460 est
476 1413 678 1458 brevium
714 1409 1028 1462 articulorum,
1064 1408 1138 1452 sed
1175 1409 1217 1453 in
1254 1408 1382 1454 altius
1422 1408 1649 1454 crescente
1684 1407 1930 1460 sertularia,
1966 1407 2068 1451 arti·

376 1489 466 1534 culi
501 1488 687 1531 duarum
717 1486 968 1542 pluriumve
1004 1483 1222 1528 linearum
1256 1485 1488 1529 intervallo
1525 1484 1709 1528 distant:
1746 1483 1935 1542 quilibet
1970 1484 2071 1528 arti·

373 1562 500 1608 culus
535 1561 740 1607 deorsum
765 1559 1011 1620 ingreditur
1033 1557 1167 1601 alium
1193 1555 1238 1602 &
1260 1568 1383 1615 parte
1412 1556 1626 1616 superiori
1649 1559 1808 1616 recipit
1833 1557 2071 1602 articulum

372 1637 592 1684 altiorem.
1364 1668 1368 1669 ν
1968 1672 1984 1693 ,Ἀ

438 1712 526 1758 Hic
573 1713 736 1758 modus
783 1711 1078 1770 vegetationis
1124 1694 1393 1746 articulatim
1440 1704 1485 1745 in
1547 1704 1757 1747 omnibus
1800 1700 2070 1755 sertulariis,

371 1787 458 1834 huc
494 1788 631 1846 usque
668 1784 926 1832 examinatis
959 1781 1111 1825 locum
1148 1778 1282 1822 habet
1306 1811 1319 1832 ,
1366 1778 1749 1834 quemadmodum
1783 1774 2073 1833 praestantiffi·

371 1878 469 1920 mus
502 1863 647 1909 ELLrs
685 1873 888 1907 accurate
926 1859 1056 1904 etiam
1102 1855 1427 1915 repraesentavit
1468 1852 1712 1913 praesertim
1747 1853 1793 1897 in
1828 1850 1919 1907 ΙΙΙ,
1966 1851 2067 1908 IV,

375 1937 443 1995 V,
477 1939 572 1993 Vl,
611 1937 685 1992 X,
721 1937 833 1992 XII,
875 1932 1065 1987 XVIII,
1103 1931 1265 1977 XXIV
1301 1929 1499 1975 Tabulis.

440 2013 704 2071 Speclantes
750 2010 1075 2057 sertulariarum
1121 2005 1366 2060 articulos,
1410 2002 1462 2051 ὃ(
1507 2001 1790 2047 observantes
1833 1999 2068 2058 quomodo

378 2089 607 2134 nonnullae
630 2087 869 2140 Ficoides,
909 2084 1140 2143 Opuntia,
1176 2081 1441 2140 Euphorbia
1474 2077 1525 2124 ἃ
1561 2073 1812 2121 ΜεΙοετῑεἮ
1838 2075 2068 2132 crescunt,

382 2179 474 2210 non
521 2167 724 2226 exiguam
767 2164 1020 2208 invenimus
1066 2158 1469 2210 convenientiam,
1517 2151 1567 2199 ἅ
1615 2151 1798 2209 quidem
1833 2153 2070 2214 maximam

384 2254 486 2285 cum
520 2241 605 2286 kall
641 2238 895 2302 geniculato
930 2235 975 2281 ἃ
1010 2235 1265 2289 salicornia,
1312 2230 1437 2276 valde
1476 2229 1704 2274 communi
1736 2227 1808 2272 hic
1842 2228 1888 2272 in
1913 2226 2072 2272 Zelan-

385 2317 482 2371 dia,
517 2313 568 2361 ἅ
600 2315 642 2359 in
679 2312 902 2370 frequenti
938 2309 1016 2354 usu
1052 2308 1254 2354 adversus
1289 2305 1562 2351 scorbutum.

450 2393 500 2438 In
547 2391 690 2451 parvis
736 2386 985 2444 tenerisque
1032 2376 1264 2430 sertularii's
1308 2381 1510 2426 laterales
1546 2378 1703 2423 ramuli
1737 2377 1792 2422 ad
1828 2376 2071 2422 distantiam

386 2468 604 2520 duarum,
655 2466 785 2510 trium
810 2499 824 2517 ,
870 2475 1114 2521 quatuorve
1150 2461 1364 2506 linearum
1400 2473 1422 2503 a
1458 2455 1605 2501 radice
1641 2456 1781 2500 emitti
1816 2456 2072 2513 incipiunt:

386 2543 540 2591 tenelli
581 2543 737 2587 ramuli
782 2541 1081 2599 microscopio
1127 2537 1311 2597 speclati
1335 2569 1349 2591 ,
1396 2534 1575 2581 eosdem
1613 2532 1824 2577 exhibent
1865 2531 2074 2576 articulos

386 2637 437 2667 ac
483 2619 704 2680 majores:
751 2619 823 2663 sed
868 2617 1050 2676 quando
1097 2614 1319 2660 sertularia
1363 2612 1417 2657 ad
1452 2610 1622 2669 aliquot
1655 2607 1845 2666 pollium
1880 2605 2074 2651 altitudi-

387 2690 489 2744 nem
524 2697 712 2742 increvit
735 2729 749 2750 ,
795 2708 976 2739 truncus
1011 2705 1131 2737 nunc
1163 2703 1332 2745 unum,
1378 2700 1499 2734 nunc
1531 2686 1644 2731 duos
1667 2715 1681 2740 ,
1725 2683 1948 2730 interdum
1984 2693 2074 2726 tres

1881 2754 2074 2816 pollices
