2262 3182
262 169 934 226 TABULARUM
999 172 1822 236 EXPLICAT10.95

135 305 192 354 A.
227 303 544 370 Magnitudine
578 299 780 349 naturali.

135 383 188 429 B.
220 383 365 431 Aucta
399 378 722 444 magnitudine.

780 528 947 579 Tabula
983 528 1182 576 Decima.

127 675 294 740 Fig.1.
362 674 550 721 Doridis
595 675 681 720 five
728 670 948 719 Cochleae
993 671 1173 718 marinae
1218 669 1429 717 mollibus
1479 668 1617 730 spinis
1662 672 1812 722 oblitae

192 752 541 799 delineationem
576 751 765 797 exhibit.

127 829 183 874 A
219 827 398 874 Animal
434 825 623 873 naturali
659 822 996 887 magnitudine,
1034 823 1230 883 serpens.

128 901 183 949 Β.
218 903 343 948 Id'em
379 901 659 961 resupinum,
697 913 747 946 ut
779 914 830 945 os
863 898 1065 958 conspici
1102 898 1245 958 possit.

127 976 185 1024 C.
220 976 430 1038 Ejusdem
466 978 678 1026 Ovarium
716 976 924 1023 Ostracio
960 976 1232 1035 impolitum.

121 1050 186 1097 D.
223 1052 325 1098 Pars
362 1054 491 1115 hujus
524 1055 676 1102 Ovarii
699 1089 714 1110 ‚
750 1051 1066 1112 Microscopio
1102 1049 1290 1112 inspeffi
1314 1086 1327 1109 ‚
1378 1049 1560 1110 quando
1594 1062 1814 1109 apparet,

186 1129 385 1188 quinque
420 1130 490 1175 vel
525 1131 596 1177 sex
632 1130 790 1186 ovula,
826 1127 1040 1189 peculiari
1071 1128 1216 1174 adhuc
1245 1126 1509 1174 membrana.
1525 1124 1693 1172 inclusa
1715 1126 1815 1172 effe.

120 1202 221 1266 Fig.
261 1204 315 1251 II.
395 1205 573 1254 Hirudo
620 1209 811 1256 Piscium
858 1206 1046 1254 naturali
1082 1207 1389 1273 magnitudine
1413 1243 1427 1266 ,
1498 1204 1550 1253 δε
1583 1203 1694 1250 statu
1727 1202 1818 1250 fre-

186 1281 478 1347 quentiffimo.

120 1356 221 1420 Fig.
255 1358 334 1404 ΙΙΙ.
401 1360 644 1409 Cancellus
677 1361 897 1425 vulgariS‚
933 1360 1114 1408 maximi
1148 1357 1352 1416 moduli,
1386 1357 1441 1404 ad
1464 1358 1612 1405 vivum
1637 1370 1818 1404 accura-

183 1449 226 1481 te
261 1435 461 1496 depictus
484 1474 499 1495 ,
544 1442 590 1486 in
626 1456 719 1500 quo
754 1440 980 1487 manifeste
1016 1450 1241 1498 apparet,
1288 1450 1382 1483 non
1414 1435 1620 1481 dextrum
1670 1434 1813 1481 modo

183 1513 442 1574 brachium,
481 1517 555 1564 sed
590 1517 701 1563 alios
737 1520 870 1563 etiam
909 1515 1052 1576 pedes
1084 1511 1134 1559 ἃ
1159 1522 1302 1556 totum
1326 1509 1441 1554 latus
1464 1509 1674 1569 corporis
1708 1509 1815 1553 dex-

184 1600 298 1633 trum
333 1590 500 1638 sinistro
535 1593 673 1652 majns
708 1593 807 1639 effe.

119 1660 219 1724 Fig.
260 1662 336 1709 lV.
404 1664 614 1725 Ejusdem
649 1667 825 1726 generis
849 1662 1120 1716 Cancellus,
1158 1660 1296 1717 paulo
1322 1670 1466 1703 tamen
1499 1660 1675 1709 minor,
1711 1666 1814 1699 cum

182 1737 336 1780 ovar-io
371 1735 448 1780 suo
489 1751 513 1780 e
549 1750 742 1794 corpore
778 1735 1058 1794 prodeunte,
1096 1731 1145 1778 ἃ
1175 1732 1299 1792 juxta
1333 1732 1516 1780 mollem
1540 1733 1687 1793 pofito
1711 1745 1817 1778 cau·

182 1808 299 1853 darn.

114 1879 214 1944 Fig.
246 1880 304 1926 V.
372 1882 550 1927 Animal
596 1879 819 1942 Ascidimn
864 1893 889 1924 a
929 1893 1001 1925 me
1036 1890 1246 1925 vocatum
1272 1911 1285 1934 ,
1332 1879 1456 1937 quod
1493 1879 1642 1926 aestate
1676 1879 1808 1926 Cata·

180 1954 397 2001 raclarum
442 1956 493 2003 <Sc
538 1956 856 2002 emissariorum
891 1969 1019 2015 aquae
1055 1955 1238 2001 marinae
1273 1953 1411 2000 valvis
1445 1953 1622 2000 affixum
1649 1989 1666 2013 ,
1723 1954 1813 2002 fre<

180 2044 371 2090 quenter
406 2035 642 2080 invenitur.

117 2095 171 2140 A.
208 2097 321 2143 Tale
356 2097 581 2145 Ascidium
609 2133 622 2155 ,
665 2113 713 2145 ut
749 2098 1015 2159 plerumque
1052 2095 1302 2150 inxenitur,
1338 2094 1647 2157 magnitudine
1684 2106 1813 2140 natu·

179 2170 272 2216 rali.

114 2242 164 2288 B.
201 2243 409 2305 Ejusdem
445 2248 618 2307 generis
653 2242 861 2298 Animal,
898 2243 972 2289 sed
1005 2258 1086 2304 per
1109 2242 1234 2304 cujus
1258 2256 1407 2291 cutem
1431 2244 1803 2305 pellucidiorem,

176 2319 226 2367 δε
262 2320 347 2366 luci
384 2322 661 2380 oppositam,
692 2321 901 2368 intestina
937 2320 1110 2380 aliquot
1143 2320 1295 2367 videre
1332 2320 1461 2367 licet..

117 2392 175 2439 C.
214 2395 322 2441 Tale
344 2396 523 2442 Animal
545 2398 589 2442 in
615 2395 944 2459 longitudinem
969 2395 1198 2442 diffectum
1214 2433 1226 2453 ‚
1256 2396 1334 2442 ubi
1358 2408 1505 2442 tamen
1529 2408 1585 2439 ne
1610 2391 1801 2438 Micr0s=

173 2472 309 2527 copio
345 2471 525 2529 quidem
561 2472 869 2520 intestinorum
906 2469 1042 2530 quid,
1085 2468 1290 2516 distincte
1325 2468 1465 2516 videri
1499 2479 1691 2528 poterat.

113 2542 173 2589 D.
208 2541 437 2603 Ejusmodi
471 2547 657 2593 Animal.
686 2547 959 2594 transversim
996 2544 1243 2591 dissectum.

1567 2696 1606 2742 C
1645 2694 1791 2742 GN,
