2262 3182
351 173 408 232 28
792 154 1593 206 OPUSCULA

346 299 495 345 minor
529 291 628 346 est;
664 287 894 341 manifesto
928 286 1098 335 indicio
1121 321 1135 344 ‚
1170 285 1442 334 Pastinacam
1475 285 1747 348 superiorem
1777 284 1899 332 hunc
1921 296 2024 331 acu-

347 370 468 416 leum
501 379 591 411 non
628 365 751 425 prius
784 360 986 422 ejaculari
1010 361 1096 408 five
1119 362 1308 423 abjicere
1331 397 1347 419 ‚
1382 377 1514 422 quam
1541 375 1700 408 recens
1721 361 1906 408 inferior
1926 359 2027 405 ido-

350 452 462 488 neus
499 438 546 482 fit
570 471 585 491 ,
622 437 676 482 ad
711 435 854 483 escam
889 436 998 497 pisci
1031 437 1292 498 captandam
1317 472 1331 493 ‚
1364 436 1410 484 &
1440 438 1550 485 alios
1580 438 1745 484 robore
1774 436 1852 482 suo
1875 432 1922 481 &
1946 433 2030 479 dun

347 515 450 565 xitie
499 509 795 557 occidendos.
883 510 1047 554 Annua
1079 509 1174 555 haec
1207 510 1485 557 Aculeorum
1520 512 1812 557 commutatio
1841 510 2030 555 maxime

352 586 530 633 videtur
572 582 847 637 necessat-im
894 583 1106 640 quoniam
1150 582 1374 629 Pastinaca
1413 582 1572 630 aculeo
1623 583 1788 629 affiduo
1832 581 1888 628 ad.
1917 579 2032 628 alios

355 660 498 722 pisces
532 656 832 703 vulnerandos
867 653 913 701 &
947 655 1174 702 necandos
1210 670 1364 703 utente
1387 691 1401 712 ‚
1436 656 1638 703 dentium
1666 655 1914 703 lateralium
1947 654 2035 700 ser·

360 747 555 782 ratorum
581 732 707 778 multi
730 733 1027 792 franguntur,
1065 729 1328 775 deteruntur
1351 728 1397 776 &
1420 728 1680 776 hebescunt.
1747 728 1882 774 Unde
1905 728 2036 773 etiam

356 810 402 855 in
439 807 606 853 aculeis
642 805 709 850 his
746 803 969 849 veteribus
996 835 1010 856 ‚
1046 800 1347 861 microfcopio
1381 800 1650 862 perlustratis
1675 835 1686 857 ‚
1726 800 1852 845 multi
1878 801 2037 847 dentes

357 885 537 944 abrupti
573 883 885 942 deteguntur;
921 879 1027 923 hinc
1063 891 1155 924 non
1187 891 1311 923 tanto
1340 878 1530 938 amplius
1562 876 1796 923 Pastinacae
1819 874 1918 920 sunt
1941 871 2036 918 usui

364 970 537 1004 veteres
571 953 633 999 illi
667 953 850 1008 aculei,
884 952 1080 1011 ideoque
1112 966 1236 998 novo
1268 952 1345 1012 ipfi
1379 951 1434 996 ad
1467 950 1608 996 escam
1635 949 1904 1010 captandam
1926 957 2042 1006 opus

366 1030 429 1075 est
456 1063 469 1083 ‚
506 1040 640 1086 quem
675 1027 883 1074 omnibus
918 1025 1196 1086 prospiciens
1228 1025 1518 1073 Providentia
1540 1025 1597 1071 fic
1620 1025 1858 1085 quotannis
1879 1021 1944 1067 illi
1964 1019 2042 1066 sub

370 1102 597 1148 ministrat.

446 1172 843 1236 Quemadmodum
887 1171 1208 1218 Pastinacarum
1255 1170 1437 1217 aculeus
1471 1171 1588 1231 apud
1624 1184 1796 1218 veteres
1831 1172 1891 1217 ob
1924 1170 2046 1215 virus

374 1249 507 1295 velox
543 1247 656 1292 adeo
691 1246 944 1291 celebratur
966 1279 981 1301 ,
1014 1247 1073 1291 fic
1106 1245 1257 1291 oleum
1289 1259 1315 1289 e
1342 1245 1496 1305 jecore
1516 1246 1750 1290 decoctum
1776 1258 1799 1289 a
1820 1244 2049 1304 piscatori·

376 1328 460 1372 bus
495 1324 726 1369 hodiernis
760 1322 1023 1368 nostratibus
1049 1355 1062 1377 ‚
1097 1334 1146 1366 ut
1176 1321 1422 1366 remedium
1458 1321 1798 1367 celeberrimum
1834 1318 2049 1365 laudatur.

375 1399 551 1449 Paucos
586 1408 709 1441 certe
744 1395 968 1441 invenires
992 1428 1006 1450 ‚
1042 1395 1118 1453 qui
1153 1394 1242 1440 olei
1274 1394 1512 1440 Pastinacae
1543 1393 1777 1453 ampullam
1812 1392 1933 1437 domi
1965 1392 2052 1437 suae

373 1485 469 1520 ,non
512 1470 779 1517 conservent
802 1501 818 1525 ,
866 1466 1004 1526 idque
1037 1481 1085 1513 ut
1121 1480 1404 1513 externarum
1436 1468 1796 1523 internarumque
1828 1463 2054 1509 laefionum

376 1540 784 1597 contufionumque
819 1538 1099 1594 remedium,
1139 1551 1304 1600 magno
1335 1539 1464 1582 etiarn
1500 1538 1695 1582 successu
1720 1571 1734 1592 ‚
1772 1551 1857 1582 tam
1880 1539 2055 1583 interne

375 1629 514 1675 quam
551 1623 735 1658 externe
770 1624 861 1655 non
897 1610 1151 1655 adhibeant.
1226 1609 1391 1655 Praeter
1426 1609 1522 1654 haec
1561 1607 1805 1654 DALEus
1842 1608 1937 1671 (t)
1962 1643 1977 1665 ‚
2012 1608 2058 1656 δε

383 1689 717 1742 LEMERYUS
755 1683 849 1747 (a)
871 1716 886 1739 ‚
921 1683 1011 1730 hoc
1047 1683 1198 1729 oleum
1233 1685 1277 1729 in
1314 1682 1457 1729 scabie
1491 1683 1684 1743 maligna
1717 1681 1762 1729 &
1795 1682 1918 1743 lepra
1942 1718 1956 1740 ‚
1991 1687 2060 1744 ip·

386 1765 456 1811 sos
500 1773 610 1809 vero
649 1759 830 1806 aculeos
872 1760 917 1805 in
961 1758 1165 1805 subtilem
1198 1758 1430 1819 pulverem
1467 1757 1715 1811 coutusOS‚
1763 1755 1806 1801 ἅ
1839 1771 1953 1803 cerae
1986 1772 2061 1805 aut

392 1837 541 1883 reiinae
572 1835 785 1881 inmixtos
810 1867 825 1889 ,
861 1846 908 1878 ut
941 1830 1111 1878 doloris
1146 1832 1346 1878 dentium
1383 1832 1630 1879 remedium
1667 1832 1829 1895 capitis
1854 1836 2066 1894 tempori-

390 1911 472 1958 bus
511 1907 865 1970 applicandum,
899 1906 1169 1953 collaudant.

451 2061 529 2110 (ε’)
565 2060 875 2107 Pharmacolog.
905 2065 996 2107 pag.
1023 2057 1113 2109 378.
1143 2055 1250 2096 Edit.
1280 2055 1319 2093 iu
1342 2065 1427 2104 4t0.

446 2121 538 2171 (a)
569 2119 790 2163 Dfflimairo
813 2117 873 2156 dns
894 2115 1093 2169 Dromas,
1128 2126 1219 2169 pag.
1250 2124 1347 2166 409.

1971 2595 2086 2649 TA-
