2262 3182
617 170 651 217 s
717 169 763 218 u
829 168 865 218 B
933 167 964 216 s
1029 167 1070 216 E
1138 166 1180 216 c
1247 167 1269 215 1
1333 165 1380 215 v
1442 167 1497 216 A.
1838 175 1901 235 69

754 362 844 419 De
894 328 1031 435 Mya
1081 359 1350 419 Arenaria.
1398 356 1401 359 ’

291 549 342 595 In
378 547 578 601 fluento,
611 544 736 604 quod
768 546 821 590 ad
855 546 970 592 hanc
998 547 1153 592 urbem
1185 545 1400 593 Scaldiam
1434 559 1457 590 a
1491 545 1768 593 Duvelandia
1803 546 1908 593 diri·

225 625 334 678 mit,
369 634 706 679 nonnumquam
743 620 812 667 hae
848 621 971 677 Myae
1009 623 1148 681 (z),
1182 622 1234 666 ad
1257 620 1384 680 pedis
1406 620 1712 675 altitudinem,
1754 622 1829 666 sub
1853 622 1905 667 li·

226 712 304 744 mo
343 697 661 755 reperiuntur3
705 694 812 739 loco
835 727 850 752 ‚
886 696 962 740 ubi
998 709 1228 739 morantur
1252 727 1266 748 ,
1301 695 1390 739 sese
1422 697 1642 753 prodente
1685 695 1903 742 foramine

225 774 281 838 i'n⁷
318 772 426 816 limo
457 803 472 828 ,
494 779 496 781 ’
520 769 648 814 oboli
687 769 1039 831 magnitudinem
1075 782 1374 829 exaequante3
1418 783 1550 830 atque
1594 771 1749 833 ligone
1794 769 1907 816 effo*

229 847 425 892 diuntur.
1127 859 1129 862 ’

292 932 403 987 Mya
438 928 534 974 talis
568 928 782 972 Arenaria
807 961 821 981 ‚
855 930 967 974 vitro
1000 929 1122 975 claro
1146 966 1157 985 ‚
1197 931 1309 989 aqua
1342 930 1513 976 marina
1545 928 1655 990 pura
1687 929 1862 988 repleto
1884 944 2101 988 ‚Tab.V11

223 1004 391 1051 inmissa
423 1036 437 1056 ‚
482 1015 590 1045 mox
622 1001 938 1059 proboscidem
977 1003 1031 1047 ad
1065 1004 1281 1062 pollicum
1317 1005 1490 1063 quuot
1527 1004 1854 1066 longitudinem
1880 997 1979 1061 ,flg-
2006 998 2036 1035 Ι·

224 1082 488 1140 plerumque
523 1075 684 1120 sursum
720 1076 914 1132 exserit,
953 1080 1010 1123 ita
1044 1092 1093 1125 ut
1116 1114 1130 1136 ‚
1165 1080 1193 1125 fi
1217 1080 1310 1126 fieri
1333 1080 1461 1140 poffit
1482 1117 1495 1139 ,
1532 1080 1586 1125 ad
1609 1094 1730 1144 aquae
1753 1079 1900 1140 super·
1962 1068 1995 1104 Α·
2023 1081 2052 1105 e.

218 1148 370 1201 ‘ficiem
404 1151 640 1211 pertingat.
1934 1137 1987 1174 D·
2018 1137 2064 1174 Ε

292 1235 581 1295 Proboscidis
613 1233 741 1290 huius
774 1237 1025 1282 extremitas
1061 1237 1167 1283 duas
1198 1239 1330 1285 habet
1363 1252 1589 1298 aperturas
1621 1271 1637 1294 ‚
1683 1252 1785 1297 quae
1822 1239 1902 1283 mi·

224 1313 465 1370 croscopio
492 1307 703 1376 inspectae
726 1310 853 1353 variis
875 1310 1112 1357 denticulis
1137 1314 1221 1358 five
1247 1315 1481 1359 tentaculis
1505 1313 1725 1358 instruftae
1749 1312 1903 1358 viden-

224 1402 308 1436 tur.
376 1385 517 1448 Quod
551 1385 579 1429 ss
612 1398 665 1428 ex
689 1398 801 1443 aqua
827 1386 1078 1432 extrahatur
1103 1388 1211 1445 Mya
1235 1423 1249 1444 ,
1285 1403 1366 1449 per
1390 1388 1599 1448 majorem
1625 1399 1870 1445 aperturam
1886 1421 1899 1439 ‚

223 1478 383 1525 aquam
426 1463 636 1507 marinam
681 1461 735 1505 ad
770 1461 841 1505 sex
872 1461 1035 1519 pedum
1071 1463 1254 1520 spatium
1280 1497 1295 1518 ,
1342 1476 1422 1520 per
1456 1460 1703 1519 Siphonem
1741 1460 1861 1519 quasi
1886 1479 1998 1530 ‚Figa
2023 1481 2072 1520 11,

221 1540 408 1595 emittit,
447 1535 491 1582 &
513 1534 823 1594 proboscidem
848 1549 978 1593 quam
1006 1537 1225 1588 maxime,
1253 1537 1364 1595 saepe
1388 1550 1523 1582 totam
1539 1570 1552 1590 ‚
1571 1538 1682 1581 intra
1705 1536 1816 1594 ipsas
1839 1549 1902 1582 te·

223 1614 304 1660 stas
337 1612 570 1660 contrahit.
635 1610 794 1655 Minor
826 1624 1026 1668 apertura
1050 1614 1342 1657 excrementis
1366 1614 1593 1672 ejiciendis
1614 1613 1806 1659 inservit.

288 1704 491 1763 Utraque
515 1698 622 1743 testa
646 1696 790 1741 cultro
814 1709 942 1741 caute
966 1696 1183 1757 disjuncta
1204 1730 1218 1752 ‚
1255 1698 1432 1742 Animal
1457 1696 1710 1742 membrana
1736 1698 2095 1760 tenuis-fig‚11‚A‚

225 1782 326 1828 sima
359 1775 550 1824 subflavd.
587 1773 807 1835 (Panium
844 1773 1039 1834 vocant)
1064 1807 1081 1831 ,
1117 1773 1233 1831 aqua
1266 1772 1431 1818 marina
1454 1771 1597 1817 adhuc
1620 1770 1790 1830 repleta
1815 1771 1900 1816 cir-

221 1855 478 1904 cumdatum
509 1850 653 1910 jacere
678 1882 693 1903 ,
727 1846 1014 1905 conspicitur.
1121 1876 1124 1878 -
1909 1851 1973 1900 fig.
2003 1852 2073 1891 111,

287 1935 556 1985 Membrana
589 1935 670 1977 hac
705 1934 876 1978 remota
906 1968 919 1987 ,
966 1933 1108 1992 ipsum
1148 1947 1314 1992 corpus
1348 1945 1534 1992 apparet
1563 1965 1579 1989 ‚
1622 1933 1667 1979 in
1704 1928 1896 1989 duplicis
1959 1929 2013 1967 A.

224 2006 532 2066 branchiarum
569 2013 775 2059 latiorum
806 2015 923 2073 paris
959 2016 1110 2061 medio
1147 2015 1410 2075 depofitum.
1957 2010 1988 2035 ⁶·
2010 2010 2041 2034 c.

1717 2085 1898 2132 Illustris

283 2241 368 2289 (z)
401 2239 660 2278 meffius
689 2236 780 2277 o&o
808 2239 1003 2289 Myarum
1029 2246 1245 2280 enumerat
1274 2240 1429 2291 species
1450 2267 1462 2289 ‚
1492 2249 1668 2290 quarum
1696 2249 1741 2276 ea
1762 2264 1774 2284 ‚
1804 2243 1896 2283 quae

225 2303 295 2342 hic
321 2300 554 2339 describitur
576 2326 588 2342 ,
616 2297 737 2337 tertia
764 2298 819 2337 est
844 2326 856 2348 ,
883 2309 1011 2348 atque
1041 2313 1060 2337 a
1092 2299 1192 2339 Viro
1214 2299 1357 2339 illustri
1382 2329 1392 2349 ‚
1422 2310 1467 2340 ut
1487 2311 1510 2339 a
1535 2298 1701 2349 reliquis
1722 2306 1812 2335 eam
1835 2292 1896 2332 di-

219 2365 397 2413 stinguat
415 2391 428 2411 ‚
468 2374 640 2402 vocatur
667 2362 761 2410 Mya
789 2363 968 2408 Arenaria
992 2391 1003 2412 ,
1034 2363 1115 2402 five
1142 2362 1228 2413 cesta
1259 2369 1358 2404 ovata
1381 2392 1392 2413 ,
1416 2362 1542 2414 postice
1573 2361 1754 2401 rotundam
1777 2385 1788 2402 ‚
1815 2370 1900 2397 car-

225 2427 318 2463 dinis
344 2427 438 2463 dente
466 2425 654 2475 antrmjum
679 2425 828 2473 pov-refrt>
851 2453 863 2473 ‚
893 2426 1079 2465 ‘rotundato
1104 2453 1114 2474 ‚
1156 2418 1387 2475 denticuloqf'zoe
1421 2429 1571 2465 laterali.
1647 2419 1736 2471 Safi-
1764 2420 1897 2463 Nam?-

225 2487 331 2526 Edit.
356 2487 420 2533 -Xn
435 2498 520 2535 pag.
541 2488 633 2535 670:
692 2485 752 2525 Etr
769 2487 842 2525 Ru
857 2499 888 2526 M
905 2500 960 2526 PH
975 2499 1056 2528 tus
1073 2516 1091 2535 ‚-
1115 2500 1205 2527 cam
1226 2497 1350 2527 vocat
1371 2478 1563 2527 Rostrum
1586 2483 1714 2531 anatis
1733 2478 1887 2531 Majus=

226 2544 409 2599 Amboinj'e
434 2548 705 2586 Rarizeickamer
724 2574 735 2594 ,
762 2546 860 2586 Tab.
879 2548 1009 2587 XLV.
1037 2548 1098 2589 lit.
1123 2548 1195 2587 IV.
1223 2560 1314 2599 pag.
1340 2560 1428 2600 149.
1486 2540 1488 2543 ¹

1130 2639 1212 2704 13
