2262 3182
661 199 1544 262 susssnctvn
1883 237 1943 283 23

235 331 433 394 pollices
478 329 592 376 altus
640 333 874 390 cernitur,
917 345 1156 393 antequam
1204 333 1378 394 aliquot
1416 338 1616 392 laterales
1649 348 1806 396 ramuli
1840 365 1945 410 pro-

241 409 451 456 dierunt
1683 440 1687 445 ¹

305 487 356 535 Si*
397 488 531 549 i0··itui
573 484 809 533 sertulariae
857 485 1009 532 forent
1051 459 1324 545 produ6³mm
1370 484 1648 547 Polyporum
1674 528 1689 551 ‚
1740 494 1790 544 &
1825 512 1942 547 unus

235 565 697 627 polypus-,incepisset
732 564 923 611 formare
959 565 1178 612 ramulum
1206 599 1220 620 .,
1256 563 1301 611 &
1337 567 1381 612 in
1419 566 1653 615 altitudine
1680 575 1810 621 trium
1836 592 1942 636 qua-

234 654 391 693 tuorve
423 639 640 686 linearum
681 642 876 687 ramulos
902 644 1149 698 emitteret,
1186 642 1275 688 hoc
1299 643 1387 699 est,
1425 660 1588 691 novam
1615 645 1847 707 sobolem,
1882 667 1938 700 an

236 729 329 763 tum
370 729 552 763 truncus
586 733 678 763 non
713 718 886 777 semper
920 718 1108 764 eandem
1144 718 1371 766 craffitiem
1404 718 1457 768 &c
1489 721 1771 770 altitudinem
1807 730 1937 775 trium

233 806 482 852 quatuorve
514 791 732 838 linearum
766 793 1032 839 retinuisset:
1070 794 1144 840 sed
1178 800 1452 844 contrarium
1479 803 1655 857 evenit,
1692 817 1793 848 nam
1817 805 1935 851 idem

231 871 524 925 observatum
551 870 675 929 quod
699 872 742 915 in
769 871 1003 917 arboribus
1027 870 1077 919 ἃ
1100 872 1264 932 plantis
1290 875 1590 935 terrestribus,
1628 894 1792 942 nempe
1817 893 1938 927 trun⁶

228 963 309 995 cus
333 946 569 994 sertulariae
593 946 644 995 ἅτ
668 946 902 994 altitudine
925 947 977 996 δε
1001 948 1183 995 crassitie
1203 952 1428 1003 increscit.

294 1024 339 1069 Si
370 1024 605 1070 sertulariae
645 1024 878 1070 nonnullae
914 1024 995 1070 fint
1028 1038 1231 1084 veteres,
1278 1028 1544 1088 crassaeque,
1583 1030 1697 1092 saepe
1725 1034 1933 1084 videntur

228 1099 395 1146 vestitae
431 1102 603 1146 cortice
625 1135 639 1155 ‚
675 1099 794 1146 clare
831 1099 1136 1158 secernendo,
1173 1105 1249 1162 qui
1282 1118 1471 1164 propter
1501 1107 1780 1164 prodeuntes
1804 1100 1936 1170 polyo'

225 1190 310 1235 pos
334 1210 348 1232 ‚
396 1190 564 1224 tantum
603 1176 774 1224 constat
809 1191 863 1223 ex
912 1192 1069 1223 corum
1103 1179 1304 1226 veficulis
1339 1182 1580 1231 cellulisve.
1664 1183 1759 1248 Qui
1795 1185 1932 1233 semel

224 1250 311 1297 hos'
332 1252 527 1314 polypos
563 1253 781 1314 inspexit,
816 1254 1047 1300 manifesto
1082 1253 1202 1303 videt
1226 1255 1311 1302 effe
1336 1258 1515 1317 prorsus
1552 1258 1732 1306 alterius
1754 1264 1961 1324 generis-

226 1328 422 1389 polypos
446 1364 459 1385 ‚
507 1345 641 1394 quam
679 1332 756 1390 qui
799 1331 965 1377 suntin
997 1331 1099 1392 ipfis
1133 1334 1400 1380 cavitatibus
1437 1335 1696 1382 sertulariae:
1731 1337 1777 1382 hi
1809 1341 1930 1384 enim

226 1421 454 1467 nunquam
484 1408 670 1454 cellulas
715 1410 760 1454 in
791 1408 929 1455 altum
964 1410 1200 1468 efficiunt,
1257 1411 1331 1459 sed
1366 1414 1411 1459 in
1446 1413 1730 1461 latitudinem
1762 1430 1928 1477 expan-

226 1484 361 1540 dunt,
401 1489 445 1533 in
470 1486 703 1547 superficie
729 1486 911 1532 alterius
940 1490 1162 1545 corporis.

292 1559 543 1610 Nonnullae
580 1562 904 1608 sertulariarum
950 1561 1119 1621 species
1153 1562 1443 1609 inveniuntur
1465 1600 1478 1621 ‚
1526 1567 1754 1626 praecipue
1778 1567 1929 1613 mense

225 1631 471 1680 Februario
508 1635 554 1682 &
589 1636 792 1687 Martim
828 1635 1007 1682 obseffae
1045 1638 1289 1682 innumeris
1327 1637 1497 1698 exiguis
1534 1638 1761 1697 vesseulis,
1794 1655 1925 1688 accu-

221 1719 319 1753 rato
358 1709 518 1752 ordine
554 1710 599 1753 in
639 1704 762 1753 ramo
799 1705 953 1764 postis
987 1723 1029 1752 α.
1098 1707 1411 1753 Vesicularum
1436 1711 1576 1771 figura
1597 1729 1921 1775 nonnunquam
1939 1725 2070 1766 aTab
2084 1727 2114 1766 1.

220 1779 511 1828 vehementer
557 1778 706 1825 differt
752 1782 816 1824 b:
864 1780 1245 1838 quemadmodum
1293 1785 1481 1829 eximius
1526 1785 1718 1836 ELLIS
1765 1774 2099 1878 iiitiltasl¹}„l,a‘{·II

218 1870 403 1915 quoque
440 1856 601 1918 fig-uias
637 1854 869 1906 exhibuit
908 1855 1208 1914 opinaturque
1246 1855 1331 1903 effe
1361 1858 1636 1920 polyporum
1662 1865 1818 1912 ovula:
1854 1869 2002 1929 cuifig.
2013 1891 2052 1918 2.
2102 1855 2113 1868 ’

221 1929 449 1976 sententie:
489 1944 774 1990 nequaquam
810 1927 1037 1974 subscribo
1064 1963 1077 1984 ‚
1125 1932 1228 1989 quia
1263 1930 1334 1980 hae
1370 1934 1575 1984 veficulae
1611 1938 1802 2000 majores
1830 1941 1930 1988 sunt

221 2005 381 2051 adultis
416 2004 596 2065 polypis
620 2039 633 2061 ‚
683 2017 776 2050 tuin
811 2005 914 2063 quia
948 2003 1221 2063 polyporum
1259 2010 1529 2071 propagatio
1563 2010 1645 2056 alia
1669 2013 1759 2070 est,
1793 2028 1842 2060 ut
1873 2030 1933 2065 ex

221 2096 379 2128 eorum
428 2082 726 2142 descriptione
761 2081 955 2140 patebit:
994 2095 1147 2126 verum
1181 2083 1362 2141 quidem
1401 2085 1492 2142 est,
1526 2087 1770 2149 aliquando
1801 2092 1932 2151 poly-

220 2171 306 2216 pos
342 2158 389 2202 in
425 2159 476 2202 iis
513 2156 711 2203 vesiculis
746 2154 946 2213 offendi,
983 2153 1056 2200 sed
1092 2157 1137 2201 in
1177 2172 1249 2203 eas
1277 2159 1585 2220 irrepserunt,
1621 2178 1670 2211 ut
1705 2165 1748 2212 se
1779 2166 1931 2212 occul·

218 2243 310 2277 tare
345 2229 539 2292 poss'ent.

830 2387 940 2454 De
988 2390 1300 2480 Alcyonia,

277 2568 501 2627 Alcyonia
546 2570 645 2618 sunt
680 2570 834 2617 mollia
859 2606 874 2628 ,
922 2574 996 2619 sed
1032 2573 1157 2619 firma
1193 2575 1445 2637 vegetantia
1479 2575 1646 2622 marina
1672 2610 1685 2633 ‚
1732 2577 1922 2638 speciem

209 2642 327 2703 quali
363 2644 671 2692 intermediam
708 2648 825 2694 inter
861 2647 1084 2697 herbacea
1130 2649 1181 2699 &
1217 2649 1401 2698 Cornea
1433 2649 1762 2716 Kerato-phyta
1787 2656 1918 2702 effor-

214 2718 391 2764 mantia.

246 2789 249 2791 ’
1749 2791 1913 2839 Diver-
