2262 3182
529 170 1414 224 sUssssscth‘
1771 196 1825 243 17

148 315 216 359 nis
250 308 509 356 luxuriantis
545 306 667 351 srusti
703 305 895 366 speciem
931 302 1116 363 praebet.
1192 303 1442 361 Septimum
1470 305 1669 362 proxima
1699 305 1828 354 hicce

149 385 376 434 aculeolus
408 382 463 427 ad
499 380 612 426 duos
639 379 818 439 pollicis
854 377 1035 419 trientes
1060 387 1134 419 aut
1169 375 1351 420 ulterius
1392 380 1590 424 excrevit
1611 413 1626 434 ,
1662 379 1707 426 &
1730 399 1828 430 ver.

146 461 215 506 sus
260 458 403 505 Astaci
449 467 612 513 corpus
649 485 664 507 ,
708 451 794 496 sive
841 449 1061 507 interius,
1112 451 1252 511 magis
1292 452 1523 512 magisque
1557 454 1719 503 inflecti
1750 463 1830 507 >in-

149 536 273 594 cipit.

212 605 476 652 Membrana
502 636 516 658 ,
552 617 651 661 quae
684 602 797 648 hanc
833 601 995 648 affiduo
1032 600 1306 647 crescentem
1343 601 1470 648 vestit
1504 608 1785 656 carunculam
1811 647 1826 666 ,

146 683 205 725 ita
240 678 390 724 sensim
426 676 565 736 magis
600 673 788 733 expansa
820 686 953 732 atque
989 687 1223 719 extenuata
1251 710 1264 731 ‚
1299 691 1457 723 omnes
1484 680 1570 738 jam
1595 682 1734 728 chelae
1758 701 1824 731 arn

147 753 311 798 ticulos
333 785 349 805 ,
386 752 607 808 binosque
632 764 791 809 carpos
815 783 829 803 ‚
859 749 1034 808 junctos
1058 763 1202 795 tamen
1228 751 1375 797 adhuc
1400 787 1414 809 ‚
1450 754 1567 801 clare
1589 793 1602 811 ,
1637 761 1822 807 micros-

144 829 269 888 copii
306 825 572 886 potissimum
607 839 694 884 ope
718 858 732 879 .,
767 823 968 883 conspici
1004 826 1115 873 finit.
1185 827 1286 873 Una
1320 829 1512 877 alterave
1545 832 1650 878 hinc
1686 835 1828 894 elapsa

144 897 426 946 hebdomade
451 932 468 956 ,
504 899 758 943 membrana
793 899 972 944 tandem
1006 903 1227 960 rumpitur
1251 936 1264 957 ,
1301 899 1347 947 &
1381 904 1551 950 chelam
1588 907 1827 968 quafivgig-

144 979 210 1021 nit
237 1012 250 1032 ,
300 990 396 1033 quae
443 969 549 1019 tunc
594 974 766 1018 tertiam
815 986 984 1019 tantum
1023 974 1144 1034 justae
1190 976 1510 1037 magnitudinis
1551 984 1721 1037 partem
1756 980 1831 1025 ha-

146 1051 258 1094 bens
284 1081 298 1102 ,
333 1046 480 1092 mollis
505 1049 651 1107 primo
675 1047 736 1092 est
760 1080 774 1102 ,
808 1049 921 1094 intra
945 1062 1137 1107 quatuor
1165 1062 1309 1095 tamen
1334 1051 1404 1095 vel
1427 1054 1636 1111 quinque
1652 1054 1825 1102 dierum

146 1124 329 1183 spatium
365 1123 472 1168 dura
495 1158 508 1177 ‚
545 1123 600 1167 ad
634 1137 792 1167 omnes
822 1138 972 1167 motus
1007 1138 1107 1181 apta
1131 1159 1144 1177 ‚
1178 1122 1225 1168 &
1262 1126 1441 1171 tandem
1466 1128 1660 1186 ejusdem
1688 1162 1703 1183 ‚
1740 1144 1827 1188 qua

143 1198 276 1244 altera
310 1196 475 1258 gaudet
496 1230 510 1251 ‚
545 1194 866 1256 magnitudinis
898 1195 1116 1242 redditur.
1188 1195 1303 1258 Quae
1326 1201 1474 1244 omnia
1498 1233 1512 1253 ‚
1549 1201 1723 1255 aestate,
1759 1204 1827 1247 in-

147 1269 212 1316 tra
256 1271 329 1315 sex
373 1270 598 1328 septemve
635 1268 1016 1314 hebdomadarum
1054 1271 1238 1329 spatium
1265 1304 1278 1326 ‚
1323 1271 1616 1330 perficiuntur
1642 1307 1656 1329 ,
1704 1278 1828 1334 quod

145 1347 218 1391 hic
254 1346 440 1390 Zirizeae
465 1377 479 1399 .,
525 1345 570 1388 in
594 1343 761 1388 Astacis
786 1378 800 1400 ,
839 1344 1055 1390 ostreariis
1081 1345 1293 1404 impolitis
1317 1380 1331 1401 ‚
1368 1349 1718 1395 commodissime
1745 1353 1826 1396 ob-

144 1417 312 1465 servare
337 1417 460 1462 licet.
529 1416 578 1461 In
602 1417 770 1463 Astacis
795 1420 926 1464 etiam
965 1432 1214 1482 Μοναχηλοις
1254 1419 1528 1486 (michelis)
1567 1424 1692 1470 dietis
1716 1425 1824 1486 (s),

143 1494 172 1538 fi
207 1505 374 1539 attente
409 1490 661 1538 confideres
684 1526 698 1549 ,
735 1492 954 1552 saepiffime
991 1496 1304 1540 extuberantes
1339 1497 1556 1556 ejusmodi
1580 1500 1728 1547 chelas
1751 1502 1826 1548 de*

144 1566 424 1627 prehendere
441 1565 625 1615 iicebit.

208 1642 394 1689 Brachia
417 1675 433 1699 ,
470 1655 639 1687 cornua
675 1638 720 1687 &
752 1641 892 1700 pedes
925 1644 1187 1689 Astacorum
1220 1646 1407 1694 eandem
1433 1648 1598 1696 habent
1622 1653 1825 1712 proprie-⁹

144 1730 277 1764 tatem
306 1752 321 1773 ,
353 1717 476 1775 quod
501 1717 685 1774 abrupta
708 1716 869 1762 iterum
893 1718 1148 1764 accrescere
1169 1720 1328 1779 poffint
1352 1737 1367 1776 ς
1407 1723 1495 1770 hoc
1517 1740 1628 1775 vero
1654 1727 1819 1773 tardius

141 1791 363 1852 procedit.

202 1865 308 1927 Ego
352 1866 531 1923 quidem
569 1865 834 1914 sufficientes
871 1869 1056 1915 omnino
1092 1871 1258 1917 iteratae
1293 1872 1419 1934 hujus
1449 1879 1719 1925 decretionis
1756 1896 1823 1927 ra·

141 1943 285 1987 tiones
319 1940 507 1985 reddere
541 1956 631 1987 non
658 1943 789 1988 ausim
815 1957 831 1998 ς
869 1942 1149 2004 illustr-arioni
1176 1960 1320 1995 tamen
1343 1951 1568 2011 ejusdem,
1596 1937 1702 2015 'quae
1724 1956 1822 2004 sub-

141 2014 382 2075 sequuntur
405 2046 420 2068 ‚
455 2012 601 2058 sutura
640 2015 785 2074 spero.

202 2086 453 2132 Humorum
503 2084 735 2130 circulatio
783 2089 830 2133 in
875 2089 1043 2137 Astacis
1089 2092 1135 2139 ὃς
1170 2095 1357 2155 Cancris
1389 2097 1617 2150 lentiffime
1658 2121 1820 2167 procc-

139 2163 204 2210 dit
230 2197 243 2220 ,
274 2164 320 2207 in
355 2160 561 2205 extremis
594 2160 835 2219 praesertim
871 2167 1051 2213 artubus
1077 2183 1092 2224 3
1127 2169 1246 2215 unde
1271 2171 1338 2216 his
1360 2172 1630 2234 vulneratis,
1667 2177 1712 2224 &
1735 2180 1815 2225 hu-

1714 2267 1811 2301 11Ίο-

185 2374 260 2422 (s)
294 2362 553 2430 Μονοχὴλοί,
588 2375 833 2418 nostratibus
859 2381 1149 2434 Een-pootem,
1178 2382 1317 2424 Astaei
1347 2387 1465 2438 sunt,
1495 2400 1622 2431 unam
1644 2399 1808 2438 tantum

135 2441 304 2541 cheldztms
328 2447 526 2542 lhabentes
554 2475 567 2499 ,
605 2447 645 2486 &
681 2446 774 2488 ideo
802 2450 934 2499 pretio
962 2452 1086 2494 tertia
1116 2459 1234 2502 parte
1268 2451 1427 2495 minore
1449 2484 1460 2506 ‚
1501 2469 1624 2506 quam
1653 2459 1806 2509 integri

130 2511 210 2539 Vel]
244 2514 255 2539 1
302 2514 324 2541 O
346 2514 430 2545 ent.

193 2572 308 2628 Tom.
341 2576 413 2627 II.
988 2581 1032 2643 C
