2262 3182
556 149 1438 240 sUBsEcth.
1777 197 1838 255 ⁸9

150 322 230 381 qui
264 330 408 381 prope
432 319 572 379 ipsum
605 322 765 367 vitrum
792 320 954 376 fiebat,
989 329 1163 363 motum
1180 354 1195 377 ,
1223 323 1363 366 timidi
1387 321 1575 368 fundum
1600 334 1833 381 peterent:

153 396 350 455 Ideoque
385 397 598 456 quicquid
634 398 690 443 de
725 398 916 443 Piscium
948 399 994 441 in
1026 393 1206 454 piscinis
1243 395 1538 454 servatorum,
1578 397 1730 443 auditu
1752 413 1834 450 're-

150 474 315 530 fer-tur,
351 474 594 521 acutissimo
634 475 815 521 illorum
849 475 983 529 visui,
1021 470 1071 519 <Sc
1105 472 1250 518 subtili
1286 474 1445 528 caetui,
1482 488 1605 532 aquce
1631 490 1836 524 commo-

152 551 277 595 tione
300 549 493 607 effecto,
532 552 819 598 tribuendum
845 549 1011 596 censet.

214 623 411 684 Verum,
448 627 477 672 fi
512 626 740 687 sequentia
776 630 831 674 ab
856 627 1016 672 eodem
1040 624 1196 685 postea
1222 625 1417 672 instituta
1440 627 1740 683 expendamus
1764 646 1838 677 cx-

147 701 424 761 perimenta,
461 701 589 747 facile
625 704 760 749 nobis
789 697 1150 762 persuadebimus
1176 740 1187 760 ‚
1228 704 1375 750 Pisces
1409 705 1557 749 lenem
1582 704 1836 770 sibilorum,

149 792 313 824 vocum
347 777 440 825 &a
479 781 523 825 in
557 780 656 824 ae're
691 781 930 827 excitatum
965 781 1150 838 sonum,
1185 782 1336 829 audire
1370 797 1463 828 non
1498 780 1635 841 poll‘e.

213 856 472 914 Inquirebat
507 869 670 915 nempe
704 858 1048 915 experimentis,

213 929 380 975 Primo.
448 931 520 976 An
557 928 612 983 &³
647 931 705 976 ad
739 948 855 993 quem
892 933 1079 993 gradum
1098 933 1262 995 sonas,
1297 937 1341 981 in
1370 944 1515 995 aperto
1545 940 1646 982 aare
1670 939 1836 984 excita-

149 1015 244 1061 tus,
282 1008 337 1051 ab
369 1006 552 1052 anim-ali
585 1005 808 1067 terrestri,
830 1007 917 1068 sub
952 1023 1062 1069 aqua
1094 1010 1302 1069 degente,
1339 1012 1487 1055 audiri
1525 1013 1687 1070 queat?

212 1080 439 1127 Secundo.
507 1081 581 1128 An
615 1079 671 1135 &³
703 1082 761 1128 ad
789 1097 906 1143 quem
936 1083 1120 1144 gradum
1138 1084 1336 1143 sonitus,
1360 1085 1445 1145 suh
1467 1086 1770 1148 czqtrczfczr‘hts2
1807 1105 1834 1136 cz

146 1156 317 1217 terresti
338 1156 547 1212 animali,
582 1157 627 1202 in
654 1166 773 1203 terra
791 1191 805 1213 ‚
840 1159 1042 1204 exaudiri
1067 1157 1233 1219 posset?

212 1232 384 1278 Tertio.
453 1231 524 1277 An
561 1230 616 1286 δέ)
652 1233 708 1279 ad
739 1249 856 1294 quem
890 1234 1072 1294 gradum
1093 1233 1268 1296 firmicus
1292 1235 1379 1297 sub
1412 1251 1521 1297 aqua
1555 1238 1693 1284 editus
1721 1274 1734 1295 ‚
1781 1242 1835 1286 ab

143 1307 327 1354 animali
360 1305 584 1367 terrestri,
616 1306 882 1370 paritersMb
905 1325 1014 1370 aqua
1039 1309 1267 1372 versante,
1300 1311 1432 1374 poſjbt
1455 1314 1630 1359 azzcliri‘?

207 1383 281 1430 Ad
315 1384 510 1442 primum
546 1386 900 1443 experimentum
933 1386 1105 1446 aliquot
1130 1387 1364 1444 homines,
1397 1389 1475 1434 sub
1504 1404 1641 1449 aqua,
1675 1391 1728 1435 ad
1753 1406 1831 1450 pen

128 1459 211 1504 ‘dis
243 1456 550 1510 altitudinem,
597 1460 758 1502 morari
798 1457 963 1516 jussos,
1004 1475 1141 1519 quam
1180 1462 1296 1507 clara
1329 1475 1533 1520 poterat,
1579 1479 1691 1509 voce
1720 1467 1831 1512 allo-

143 1533 358 1596 quebatur
383 1565 396 1587 ,
445 1529 495 1577 ἃ
542 1531 644 1576 illos
677 1532 865 1577 eandem
901 1534 1054 1580 audire
1089 1533 1212 1594 posse
1248 1536 1569 1592 comperiebat.
1636 1536 1724 1582 Sed
1759 1541 1832 1585 iis-

142 1609 245 1653 dem
278 1608 561 1661 hominibus,
597 1608 653 1654 ad
681 1608 921 1654 duodecim
944 1610 1111 1666 pedum
1138 1610 1440 1665 altitudinem,
1482 1611 1557 1655 sub
1585 1626 1695 1669 aqua
1719 1629 1829 1661 con-

140 1685 323 1740 stitum,
361 1681 653 1728 bombardam
688 1682 819 1739 super
851 1681 954 1726 illos
990 1682 1182 1740 displodi
1219 1682 1358 1743 jussit,
1407 1685 1528 1743 cujus
1564 1685 1703 1733 i5tum
1727 1691 1823 1748 vix,

139 1773 190 1804 ac
225 1772 281 1801 ne
315 1757 387 1799 vix
421 1755 601 1811 quidem
628 1789 640 1809 ,
687 1755 838 1798 audire
873 1768 1097 1812 poterant.

203 1834 275 1881 Ad
310 1831 552 1877 secundum
586 1831 943 1888 experimentum
978 1832 1208 1886 ardentem
1234 1864 1248 1885 ,
1295 1847 1400 1880 eum
1446 1836 1490 1881 in
1537 1838 1669 1885 finem
1703 1856 1828 1900 para·

139 1924 251 1966 tam,
298 1905 536 1952 adhibebat
568 1903 776 1966 glandem
810 1906 1068 1966 igniariam‚
1115 1920 1304 1965 eamque
1340 1909 1385 1953 in
1422 1907 1612 1969 flumen,
1661 1930 1826 1963 novem

135 1986 275 2044 pedes
314 1981 481 2035 altum,
518 1981 793 2025 immittebat:
830 1980 988 2026 Tubus
1023 1981 1180 2026 decem
1219 1982 1396 2027 circiter
1418 1998 1645 2031 momenta
1669 1989 1827 2036 secun-

136 2061 191 2106 da
214 2058 423 2107 ardebat,
459 2055 641 2113 quando
671 2055 798 2118 glans
823 2056 999 2124 missilis
1031 2068 1155 2102 tanto
1191 2058 1479 2116 rumpebatur
1514 2060 1606 2107 iciu
1626 2095 1640 2116 ,
1688 2078 1830 2122 quan-

136 2151 230 2183 tum
271 2152 295 2181 a
341 2133 509 2179 tantilla
551 2132 746 2192 pulveris
780 2133 895 2191 pyrii
928 2133 1174 2189 quantitate
1210 2131 1402 2190 produci
1435 2133 1584 2192 posse,
1634 2138 1824 2184 incredi-

133 2211 224 2256 bile
259 2191 517 2260 videbatur‚
564 2219 666 2250 cum
701 2203 770 2250 vel
805 2206 967 2266 ingens
1000 2204 1241 2253 aedificium
1277 2205 1453 2265 aliquot
1486 2211 1679 2268 perticas
1714 2211 1826 2258 diffi-

133 2300 256 2343 tum,
292 2283 401 2329 inde
436 2292 753 2326 concuteretur
790 2279 910 2342 (y).

1769 2361 1823 2409 In

181 2457 264 2509 (y)
297 2455 568 2496 Celeberrimus
595 2454 720 2494 Abbas
752 2457 1002 2502 NoLLETms,
1032 2454 1078 2493 ad
1105 2453 1264 2493 eundem
1295 2454 1433 2500 finem,
1460 2452 1591 2490 fimilia
1619 2451 1693 2491 fere
1717 2454 1822 2495 insti-

130 2535 234 2566 tuens
263 2518 531 2568 experimenta,
560 2528 705 2562 nar-tat,
734 2530 818 2554 cum
847 2517 891 2554 ad
916 2514 1207 2567 profunditatem
1226 2516 1351 2554 decem
1375 2514 1508 2565 pedum
1533 2513 1596 2552 sub
1617 2529 1711 2567 aqua
1732 2530 1819 2556 con-

130 2583 270 2622 stitutus
301 2579 391 2616 duos
420 2575 552 2621 filices,
583 2576 765 2614 manubus
792 2574 861 2613 suis
890 2576 1032 2612 fortiter
1062 2573 1276 2622 collideret,
1307 2573 1377 2612 hos
1402 2575 1533 2612 sonum
1565 2587 1641 2614 tam
1668 2588 1821 2628 gravem

131 2642 277 2682 edidisse
290 2669 302 2687 ‚
329 2649 367 2676 ut
384 2634 447 2686 ipfi
465 2636 545 2675 esset
564 2636 807 2677 intolerabilis
820 2666 832 2686 ,
852 2649 1044 2688 totumque
1064 2630 1194 2688 corpus
1211 2637 1298 2679 inde
1318 2649 1500 2680 ttemeret.
1529 2640 1654 2681 Mem.
1676 2639 1720 2680 de
1740 2640 1797 2681 ΓΑ
1810 2661 1818 2667 «

131 2706 211 2747 cad.
237 2715 344 2757 1743.
366 2707 452 2749 pag..
475 2711 562 2749 224.
965 2751 1024 2799 M
