2262 3182
406 169 464 214 ,4
829 145 1616 197 OPUSCULA

430 314 436 317 κ
481 282 597 329 Duae
631 258 845 339 praeterea
880 274 924 323 δί
957 277 1196 325 admodum
1221 281 1340 325 mirre
1364 281 1409 325 in
1431 280 1600 326 Astacis
1624 282 1829 329 notandae
1852 282 1949 328 sunt
1970 296 2076 342 pro·

408 361 616 420 prietates
631 388 646 411 ,
671 354 794 412 quod
819 354 986 401 scilicet
1008 356 1192 402 crustam
1218 357 1295 419 (p)
1321 360 1561 417 quotannis
1580 373 1861 419 permuoent,
1886 359 1932 406 δε
1954 358 2077 419 quod

404 432 546 489 pedes
583 431 772 473 truncati
806 431 966 475 iterum
993 430 1296 477 adnascatitur.
1538 449 1543 452 ·
1773 469 1776 473 ,

479 504 640 549 Mense
675 505 878 566 Augusto
923 521 995 550 aut
1042 508 1330 551 circumcirca
1354 540 1369 562 ‚
1414 508 1560 553 Astaci
1593 509 1719 568 hujus
1751 510 1929 572 generis
1962 507 2079 553 suam

407 580 669 641 plerumque
704 590 874 624 mutant
911 579 1139 634 Crustam,
1175 580 1295 637 quod
1323 594 1496 640 tempus
1519 582 1706 639 instare,
1742 583 1813 628 vel
1839 582 2078 641 quatriduo

408 666 509 700 ante
545 650 736 712 intelligi
773 652 916 711 potest
941 686 955 708 ,
991 654 1095 711 quia
1130 667 1220 699 tum
1257 655 1503 714 quietiffimi
1535 656 1683 716 jacent
1719 656 1764 703 δε
1798 656 1995 718 languidi
2020 657 2081 700 vi·

409 728 584 772 deutur.
654 724 771 769 Tum
806 726 936 771 ctiam
977 727 1117 772 crusta
1153 728 1338 774 validius
1359 729 1498 789 pressa
1522 731 1638 789 quasi
1661 732 1894 777 introrsum
1921 730 2040 774 cedit
2064 762 2079 785 ,

409 801 512 858 quia
543 797 672 858 piscis
705 813 799 843 eam
838 813 926 845 non
964 801 1153 859 amplius
1186 802 1392 848 sustinere
1419 838 1434 859 ,
1478 818 1527 849 ut
1561 818 1661 850 ante
1685 838 1699 860 ‚
1745 803 1902 864 potest.
1947 830 1953 834 τ
1989 801 2084 846 De-

410 876 516 922 inde
547 867 825 932 irrequietus
852 875 999 921 evadit
1032 875 1217 920 Astacus
1243 909 1257 931 ,
1292 876 1432 936 pedes
1455 877 1649 936 pedibus
1670 877 1881 931 adfricat.,
1917 877 1960 921 in
1983 874 2086 920 dor-

412 950 503 996 sum
536 962 859 1014 nonnunquam
895 947 1164 1005 discumbit,
1200 948 1244 996 &
1282 964 1387 996 mox
1410 950 1452 995 se
1480 952 1702 996 convertit
1728 983 1742 1004 .,
1779 951 1962 996 caudam
1986 964 2084 996 cur-

414 1036 485 1069 vat
511 1056 525 1078 ,
561 1020 608 1068 &
641 1021 787 1068 rursus
822 1023 1063 1079 extendit,
1097 1020 1244 1071 tremit
1265 1028 1479 1072 cornibus
1500 1024 1587 1071 &c.
1612 1059 1626 1081 ‚
1657 1024 1707 1071 &
1737 1025 1847 1085 saepe
1869 1025 1911 1071 se
1934 1039 2086 1071 exten-

411 1099 562 1146 dendo
601 1112 740 1144 tentat
764 1134 778 1154 ,
814 1115 865 1145 an
904 1101 1042 1145 crusta
1076 1102 1212 1160 major
1245 1102 1359 1146 dorsi
1381 1134 1395 1158 ,
1432 1117 1562 1158 quam
1598 1102 1876 1147 commissura
1901 1101 2047 1147 transit
2071 1136 2084 1154 ,

413 1174 520 1218 velit
557 1173 745 1217 dissiiirc.
829 1171 933 1219 Hoc
969 1175 1085 1220 suffio
1107 1211 1119 1230 ‚
1159 1189 1239 1233 per
1272 1176 1408 1219 breve
1445 1188 1618 1233 tempus
1653 1175 1874 1234 quiescit,
1912 1174 2085 1220 &mox

415 1260 580 1305 corpus
617 1259 737 1291 retro
773 1261 926 1292 movet
953 1282 965 1296 ,
1003 1250 1122 1293 unde
1155 1263 1178 1293 a
1211 1249 1359 1292 fronte
1395 1247 1581 1307 amplius
1613 1261 1828 1294 antennas
1848 1283 1860 1303 ‚
1897 1249 2089 1302 oculos,

413 1321 597 1378 aliisque
636 1322 792 1380 capitis
826 1336 973 1380 partes
1005 1322 1274 1381 expediendi
1300 1356 1312 1375 ‚
1362 1319 1407 1366 ὅτ.
1441 1336 1465 1366 e
1500 1322 1642 1366 thecis
1677 1323 1791 1382 quasi
1828 1322 1910 1367 suis
1949 1338 2090 1368 extra-

415 1395 588 1449 bentii,
635 1394 819 1455 spatium
868 1395 1147 1440 nanciscitur.
1237 1395 1414 1457 Quibus
1457 1397 1641 1455 peraffis
1676 1397 1861 1456 majores
1900 1397 2090 1442 extrahit

415 1470 564 1515 chelas
598 1470 708 1530 (q).
777 1469 859 1514 His
893 1470 1088 1516 liberatis
1125 1485 1257 1530 caput
1292 1469 1338 1516 &
1375 1485 1541 1530 corpus
1576 1470 1737 1515 attollit
1762 1503 1775 1519 ‚
1810 1484 1963 1529 parum
1986 1484 2090 1529 pro-

416 1545 620 1608 greditur
643 1577 657 1598 ‚
691 1544 831 1590 solum
867 1546 1007 1590 cauda
1041 1545 1180 1605 pulsat
1208 1579 1222 1602 ‚
1261 1559 1447 1603 eamque
1481 1559 1635 1589 curvat
1667 1543 1718 1591 ἃ
1740 1547 1907 1606 erigit,
1944 1546 2091 1591 donec

424 1619 553 1664 sentit
588 1633 765 1665 carnem
803 1620 892 1679 ejus
925 1620 1011 1665 esse
1043 1620 1224 1666 liberam
1253 1653 1266 1675 ,
1314 1620 1493 1678 quando
1529 1632 1648 1663 totus
1684 1634 1707 1663 e
1743 1618 1882 1663 crusta
1915 1622 2094 1680 erepit3

421 1694 519 1740 haec
557 1696 706 1740 omnia
739 1697 852 1740 intra
884 1695 956 1740 sex
991 1709 1064 1741 aut
1100 1698 1202 1742 offro
1239 1697 1443 1741 horarum
1480 1697 1664 1756 spatium
1699 1709 1933 1756 peragens.

489 1768 622 1813 Tunc
654 1768 799 1827 primo
835 1771 956 1813 tenui
991 1770 1129 1816 modo
1163 1770 1238 1816 sed
1269 1769 1499 1815 firmissima
1521 1770 1701 1815 Astacus
1725 1771 1977 1814 membrana
2002 1781 2096 1813 ves·

428 1845 532 1889 titus
567 1843 628 1888 est
653 1876 666 1898 ,
701 1842 908 1900 adeoque
942 1843 1133 1900 debilis,
1168 1858 1216 1890 ut
1237 1844 1377 1905 pedes
1401 1858 1504 1890 cum
1528 1844 1734 1890 sustinere
1758 1842 1987 1898 recusant,
2023 1840 2097 1886 sed

2018 1916 2096 1960 sub

481 2044 565 2094 (p)
606 2045 758 2081 Annua
786 2042 872 2081 haec
901 2043 1007 2082 testae
1035 2042 1288 2092 permutatio
1316 2055 1399 2082 non
1429 2041 1617 2081 omnibus
1646 2049 1808 2079 tantum
1830 2041 2098 2091 Amicorum,

414 2103 685 2142 'Cancrorum
716 2101 757 2140 &
785 2101 1034 2151 Squillarum
1062 2106 1297 2154 speciebus,
1328 2105 1438 2153 quod
1458 2103 1524 2143 hic
1544 2103 1625 2142 loci
1649 2104 1701 2141 est
1722 2103 1969 2142 notiffimum
1992 2131 2002 2151 ‚
2032 2105 2098 2142 sed

434 2163 580 2212 procul
608 2163 733 2201 dubio
760 2163 927 2213 reliquis
956 2164 1082 2203 etiam
1110 2173 1320 2215 quotquot
1349 2166 1468 2212 sunt,
1497 2164 1672 2214 piscibus
1697 2164 1917 2202 crustaceis
1940 2163 2101 2212 propria

433 2224 516 2274 est;
546 2225 644 2264 licet
671 2223 838 2274 quidam
867 2223 1081 2264 Authores
1109 2226 1159 2265 de
1185 2227 1264 2266 hac:
1292 2236 1335 2263 re
1357 2224 1564 2264 dubitent.
1619 2223 1724 2263 Vide
1752 2224 1972 2264 KLEINIUM
1999 2223 2100 2274 Mzffi

431 2283 487 2322 V.
518 2296 612 2335 pag.
639 2295 678 2335 9.
1873 2338 1875 2340 ι

484 2348 567 2395 (q)
605 2344 687 2384 Vix
716 2345 828 2385 credi
859 2346 988 2395 potest
1011 2375 1021 2395 ‚
1051 2359 1215 2387 omnem
1247 2348 1465 2387 craffarum
1493 2347 1754 2394 latarumque
1776 2348 1992 2386 Chelarum
2013 2358 2102 2385 car-

441 2418 534 2446 nem
571 2418 641 2455 per
680 2407 809 2447 ῑιτᾶὶειε
837 2407 1112 2447 articulorum
1142 2419 1356 2458 aperturas
1386 2407 1555 2448 transire
1584 2407 1687 2455 poffe
1711 2434 1723 2454 ‚
1763 2407 1827 2445 sed
1859 2407 2066 2446 sciendum
2090 2434 2101 2455 ‚

444 2469 644 2508 articulos
672 2468 762 2508 illos
791 2468 1049 2509 commissura
1076 2472 1250 2519 quadam
1275 2470 1440 2522 juncios
1462 2498 1472 2516 ,
1502 2470 1571 2507 iilo
1597 2478 1779 2517 tempore
1812 2471 2025 2518 paululum
2046 2470 2105 2508 la—

445 2528 532 2566 xari
553 2555 564 2575 ,
594 2528 634 2566 &
662 2541 827 2569 carnem
855 2530 991 2569 Astaei
1010 2559 1020 2579 ‚
1051 2539 1154 2570 tunc
1185 2532 1303 2571 velut
1332 2530 1557 2571 morbosam
1580 2559 1592 2580 ,
1620 2529 1773 2569 nussam
1799 2529 1945 2569 habere
1967 2527 2099 2567 solidi—

450 2598 580 2630 tatem
599 2619 611 2640 ‚
641 2593 704 2630 scd
733 2592 892 2642 pituitae
919 2593 994 2632 effe
1011 2591 1265 2634 simillimam.
