2262 3182
581 218 1469 281 SUBSECIVA.
1818 238 1880 301 67

180 375 321 424 apta,
368 359 413 407 &
457 358 664 418 quaedam
713 360 1010 406 maximorum
1054 357 1300 419 aliquando
1349 362 1420 407 sex
1466 374 1540 409 aut
1590 358 1758 426 septem
1803 380 1881 414 an-

183 453 341 488 norum
379 437 479 484 esse.

242 512 380 559 Extra
427 526 630 560 omnemr
660 510 954 558 dubitationis
996 511 1135 559 aleam
1164 547 1178 568 ‚
1235 512 1593 573 notiffimumque
1634 520 1719 578 jam
1769 521 1831 569 est
1854 546 1882 583 ,η

177 603 335 636 omnes
372 590 598 636 Cochleas
632 587 684 635 <Sc
719 588 933 635 Conchas
968 593 1156 638 marinas
1193 590 1277 638 suis
1309 607 1410 638 cum
1438 593 1556 639 testis
1583 595 1705 642 simul
1734 601 1874 647 nasci:

175 683 277 729 quse
312 681 404 713 non
441 667 647 726 praefidio
685 679 856 712 tantum
892 668 1080 725 iisdem,
1115 669 1186 716 sed
1225 669 1270 716 &
1307 670 1457 717 011111111
1497 670 1640 718 sunt¹
1629 688 1768 720 ioco:
1816 681 1875 724 ita

173 759 223 793 ut
258 745 352 791 haec
393 745 497 790 testa
534 758 622 789 tam
667 743 902 789 essentialis
946 761 1105 793 eoium
1139 763 1384 808 corporum
1420 764 1521 809 pars
1542 749 1645 806 fit,
1662 765 1711 797 ut
1745 754 1874 811 piscis

173 823 322 869 nullus
359 821 572 867 testaceus
609 820 698 865 fine
733 820 806 866 illa
843 824 993 869 vivere
1031 839 1193 883 queat3
1231 841 1367 885 quare
1391 841 1548 873 vacuas
1575 824 1732 884 testas,
1747 828 1873 874 Con-

171 896 354 941 chaium
387 904 571 945 Σκελετω
603 897 768 941 merito
805 899 1061 943 vocaveris:
1106 899 1277 948 Veium
1315 916 1363 948 ut
1400 904 1444 948 in
1482 902 1577 946 aliis
1604 904 1871 950 animalibus

171 970 259 1015 ossa
286 984 418 1016 carne
452 971 601 1018 vestita
636 972 765 1028 sunt,
802 972 859 1018 fic
894 973 939 1017 in
975 973 1069 1030 his,
1105 990 1209 1022 caro
1248 976 1408 1023 offihus
1431 978 1582 1024 vestita
1605 978 1680 1024 est.
1720 977 1870 1042 Quam

167 1047 422 1094 admiranda
459 1062 595 1107 opera
626 1047 764 1095 DEI!

232 1122 389 1169 Ostrea
424 1125 568 1183 parvis
607 1125 693 1169 suis
732 1122 852 1170 testis
888 1123 1099 1171 instrutia
1135 1125 1247 1182 effe,
1294 1142 1388 1174 non
1425 1131 1593 1185 modo,
1642 1130 1746 1176 dum
1784 1131 1863 1176 ad-

166 1201 256 1246 huc
290 1214 314 1244 a
349 1211 487 1243 matre
522 1199 634 1243 intra
675 1198 906 1244 branchias
939 1199 1163 1247 servantur
1186 1236 1199 1257 ,
1245 1202 1317 1248 sed
1355 1207 1486 1251 etiam
1523 1208 1646 1266 p1ius
1671 1243 1681 1263 ‚
1729 1222 1861 1266 quam

166 1291 222 1322 ex
259 1290 348 1321 ovo
384 1275 557 1321 exclusa
593 1274 692 1320 sunt
715 1309 732 1333 ,
782 1275 1084 1335 microscopio
1121 1278 1346 1325 clarissime
1382 1281 1670 1339 discernitur&
1708 1298 1856 1342 quam-
1877 1265 2025 1366 figTab'

164 1357 230 1403 vis
264 1366 370 1399 tunc
395 1388 408 1407 ,
456 1354 571 1400 adeo
607 1354 778 1399 minuta
810 1353 890 1398 fint
914 1388 927 1408 ,
974 1366 1023 1399 ut
1060 1368 1241 1399 centum
1272 1353 1393 1413 juxta
1432 1355 1474 1400 se
1508 1358 1648 1415 posita
1682 1354 1911 1416 pollicis=

165 1430 496 1492 longitudinem
544 1445 638 1475 non
684 1429 960 1489 adaequent.
1012 1431 1149 1478 Haud
1196 1432 1317 1477 secus
1364 1440 1510 1480 tamen
1547 1449 1598 1480 ac
1635 1437 1863 1490 maxima,

169 1505 377 1548 omnihus
413 1507 610 1550 numeris
646 1505 743 1550 sunt
779 1506 993 1552 absoluta.

230 1579 472 1625 Crescente
509 1595 646 1639 parvo
682 1581 771 1628 hoc
807 1583 998 1642 Ostreo,
1017 1585 1172 1630 crescit
1208 1586 1339 1630 etiam
1364 1585 1468 1632 testa
1490 1596 1621 1645 ‚quae
1645 1600 1700 1632 ex
1723 1586 1864 1632 stratis

166 1660 379 1713 constat,
427 1673 618 1716 quorum
653 1659 855 1702 infimum
891 1660 967 1704 sub
1007 1664 1180 1704 caeteris
1217 1662 1450 1707 succrescit
1474 1696 1488 1716 .‚
1542 1678 1597 1709 ex
1632 1662 1729 1722 ipso
1769 1666 1863 1707 ani·-

163 1738 291 1784 malis
325 1749 520 1792 corpore
555 1735 844 1791 proveniens.
914 1733 1055 1795 Quod
1093 1734 1421 1782 REAUMURms
1444 1737 1760 1784 evidentiffime
1785 1753 1860 1784 ex-

162 1825 313 1874 pertus
349 1809 409 1855 est
446 1809 570 1870 (x).
649 1806 868 1852 Particula
900 1823 925 1853 e
959 1808 1061 1854 testa
1097 1809 1298 1856 cochleae
1333 1812 1519 1871 abrupta
1543 1847 1557 1867 ‚
1603 1814 1859 1862 tenuiffimae

163 1891 294 1937 alutae
319 1924 333 1944 ,
380 1901 479 1946 quae
514 1884 646 1945 piclis
684 1885 870 1932 flabellis
907 1887 1143 1934 vestiendis
1179 1889 1417 1936 adhibetur
1455 1891 1603 1952 (Peau
1638 1894 1686 1938 de
1726 1894 1861 1939 Cane-

158 1967 305 2029 Ρὶη),
349 1964 552 2009 laciniam
598 1964 715 2008 inter
762 1963 913 2008 testam
939 1963 1010 2011 δε
1045 1964 1277 2012 cochleam
1321 1966 1574 2013 inserebat:
1621 1968 1858 2029 Tempore

162 2041 395 2102 interjecto
420 2077 431 2097 ‚
479 2040 608 2086 alutae
645 2039 804 2086 lacinia
837 2041 892 2086 ab
927 2040 1007 2087 illo
1031 2077 1047 2101 ‚
1096 2057 1188 2101 quo
1225 2045 1431 2102 'proxime
1466 2035 1611 2103 ipsum
1648 2046 1859 2107 tangebat

163 2117 354 2172 animal,
389 2115 526 2161 latere
562 2115 751 2162 testacea
787 2118 1023 2166 substantia
1058 2122 1364 2180 reperiebatur
1386 2137 1652 2182 co-operta‚
1687 2137 1855 2182 nequa·

162 2206 296 2253 quam
329 2205 436 2237 vero
472 2191 526 2235 ab
565 2191 645 2237 illo
670 2225 684 2247 ,
731 2193 854 2252 quod
888 2196 944 2241 ad
980 2196 1199 2242 concham
1238 2197 1411 2244 versum
1447 2211 1567 2245 e1·:at
1581 2200 1755 2262 Quod
1794 2213 1854 2267 ta-

160 2280 264 2314 men
290 2302 303 2323 ‚
362 2266 391 2310 fi
439 2264 543 2311 testa
587 2266 722 2312 ullam
769 2271 1000 2329 particulae
1045 2273 1245 2333 abruptae
1291 2275 1577 2324 resarciendae
1623 2278 1852 2325 materiam

160 2343 409 2402 praeberet
447 2344 632 2388 omnino
668 2342 754 2390 effe
790 2362 1037 2407 oporteret.
1102 2359 1104 2361 ’

220 2418 621 2467 LEEWENHOEmo
656 2420 829 2482 aliquot
863 2425 1093 2485 quondam
1128 2425 1394 2476 Ostreorum
1432 2426 1591 2487 testas,
1626 2441 1676 2476 ut
1700 2430 1844 2476 incre-

1741 2518 1846 2552 men

209 2609 266 2661 (a
261 2608 302 2660 J
334 2609 534 2651 Memoires
558 2612 764 2655 delQAcad
792 2627 900 2667 1709.
924 2629 1010 2669 pag.
1031 2619 1121 2668 488.
1148 2620 1258 2670 1716.
1281 2631 1369 2672 pag.
1389 2623 1476 2671 385.

209 2671 296 2723 (y)
326 2674 367 2711 In
396 2671 545 2723 epistola
571 2675 617 2714 ad
650 2677 858 2717 Robertmn
890 2681 1014 2718 Hooke
1035 2692 1056 2728 3
1079 2680 1209 2718 Martii
1238 2683 1345 2723 1682.
1368 2695 1462 2734 part.
1483 2684 1514 2723 Ι.
1535 2691 1624 2735 pag.
1644 2685 1707 2725 28.
1761 2681 1838 2720 Nec

162 2748 238 2774 non
258 2733 370 2774 fufius
398 2736 437 2772 in
457 2734 607 2787 epistola
625 2739 869 2793 manustripta
885 2753 909 2792 5
931 2740 1082 2792 Aprilis.
1110 2744 1218 2792 1697.

938 2804 1023 2849 12
