2262 3182
593 182 1476 238 SUBSECIVA.
1831 217 1885 250 11

213 327 287 360 mo
323 314 551 374 praecipue
574 345 587 368 ,
622 312 772 359 multis
807 313 933 360 obsiti
971 313 1068 360 sunt
1092 347 1106 370 ,
1142 318 1217 375 qui
1242 317 1541 380 microscopio
1570 318 1774 382 spectati,
1810 326 1885 373 lae·

144 426 148 429 ,
210 403 286 435 ves
326 402 494 434 tantuin
530 388 628 434 sunt
663 388 889 444 cylindri,
926 402 974 432 ut
1008 390 1146 450 vulgo
1170 392 1421 439 animalium
1443 395 1556 455 pili,
1596 412 1669 444 aut
1693 399 1884 448 breviffi·

211 467 270 509 mi
306 462 352 509 &
384 461 491 522 spiffi
524 464 568 507 in
604 476 865 508 mueronem
900 462 1164 510 desinentes.

277 536 431 582 Cauda
464 537 663 596 quinque
700 539 871 584 constat
894 541 1089 585 articuliS
1110 575 1123 596 ‚
1160 557 1351 602 quorum
1375 547 1541 606 primus
1564 561 1588 592 e
1611 548 1787 598 duobus
1809 566 1883 599 ve·

207 612 289 657 luti
323 610 560 656 dimidiatis
584 645 598 665 ‚
634 609 681 656 &
716 612 897 658 ultimus
931 627 956 658 e
989 615 1188 674 quinque
1219 617 1362 676 planis
1386 653 1400 672 ,
1433 633 1540 678 quas
1563 621 1744 668 Astacus
1768 629 1884 673 inter

206 687 444 734 natandum
479 687 641 733 flabelli
674 689 804 734 instar
837 690 1032 749 explicat
1056 725 1070 746 ‚
1117 692 1388 738 constructus
1426 694 1486 738 est
1523 696 1757 753 partibus:
1804 700 1878 745 sub

207 764 353 811 media
384 764 592 824 postremi
618 765 743 824 hujus
766 766 936 810 articuli
959 764 1086 812 Anus
1110 768 1169 812 est
1193 800 1207 822 ‚
1243 782 1322 828 per
1345 782 1476 828 quam
1501 783 1784 818 excrementa
1804 776 1878 833 eji-

207 842 419 885 ciuntur:
453 852 600 897 partes
635 838 733 882 duae
765 841 979 898 proximae
1012 841 1122 886 nihil
1156 841 1321 887 habent
1356 843 1571 904 singulare
1597 876 1610 896 ,
1651 845 1749 890 duce
1773 860 1879 891 vero

208 924 415 958 eXtremae
448 908 623 953 medios
648 908 688 952 se
713 909 985 969 complicare
1007 912 1185 971 poffunt
1210 948 1223 969 ‚
1260 929 1351 974 quo
1381 916 1496 962 facto
1521 917 1759 978 superioris
1782 938 1879 982 par·

209 987 264 1030 tis
296 983 539 1044 marginem
573 980 784 1027 introrsus
821 981 1044 1030 dentatam
1079 990 1289 1047 reperies.
1352 990 1548 1038 Externa
1573 994 1726 1050 harum
1751 1002 1879 1057 quin·

208 1074 296 1120 que
327 1057 638 1118 particularum
661 1089 674 1113 ‚
711 1057 862 1102 caudae
887 1072 1131 1105 extremum
1165 1062 1526 1110 constituentium
1552 1100 1564 1119 ‚
1597 1081 1752 1130 margo
1780 1071 1878 1130 pilis
1921 1109 1953 1148 Τ
1982 1113 2004 1150 b
2043 1113 2058 1150 Ι

205 1136 404 1192 undique
440 1134 752 1177 circumcincta
787 1133 847 1175 est
869 1165 882 1184 ‚
917 1148 1016 1190 quae
1052 1138 1349 1196 microscopio
1383 1141 1593 1198 inspecti,
1628 1158 1873 1203 pennarum
1887 1121 2072 1209 fig,31=}','

205 1207 411 1258 cauliculi
435 1243 446 1262 ,
485 1206 694 1262 utrinque
717 1202 879 1262 plumis
903 1206 1094 1252 instructi
1120 1243 1134 1263 ‚
1171 1210 1361 1269 speeiem
1384 1214 1599 1271 praebenr.
1896 1214 1956 1250 18.

269 1284 319 1328 In
352 1279 551 1326 inferiori
584 1277 669 1320 five
700 1277 901 1322 interiori
928 1281 1078 1325 caudae
1100 1298 1223 1341 parte
1248 1319 1259 1339 ‚
1298 1287 1498 1345 quinque
1519 1288 1685 1347 pedum
1710 1304 1881 1339 natato-

208 1363 372 1405 riorum
406 1355 694 1400 inveniuntur
725 1354 876 1411 paria,
911 1353 1106 1413 quorum
1138 1360 1328 1417 primum
1361 1375 1382 1404 a
1411 1362 1594 1421 reliquis
1618 1365 1841 1426 discrepat
1861 1400 1876 1426 ,

208 1437 252 1479 in
284 1431 476 1479 maribus
513 1430 616 1489 (h)
654 1429 845 1489 rigidum
886 1430 1083 1488 durum,
1129 1432 1174 1478 ὃς
1211 1436 1254 1480 in
1290 1437 1495 1485 obtusum
1533 1439 1737 1487 desinens
1772 1456 1875 1488 acu-

207 1524 337 1561 men,
372 1506 532 1564 absque
559 1504 657 1548 ullis
684 1505 785 1564 pilis
809 1520 822 1558 ς
859 1508 903 1550 in
928 1507 1117 1552 femellis
1143 1524 1250 1555 vero
1275 1525 1407 1556 tenue
1432 1546 1446 1567 ,
1480 1514 1690 1572 planum,
1724 1518 1877 1565 admo·

205 1585 310 1629 dum
342 1579 488 1625 flexile
510 1613 524 1634 ,
562 1577 607 1623 &
640 1578 917 1637 sequentium
951 1594 1143 1641 quatuor
1167 1583 1325 1629 horum
1348 1587 1514 1645 pedum
1537 1592 1707 1649 parium
1729 1625 1743 1646 ‚
1780 1606 1878 1649 quae

205 1663 248 1706 in
276 1657 552 1702 extremitate
574 1654 779 1711 bipartita
802 1653 898 1698 sunt
922 1688 935 1707 .,
971 1670 1125 1705 more,
1163 1657 1356 1715 ejusdem
1383 1663 1561 1721 generis
1586 1663 1759 1724 plumas
1782 1665 1879 1708 imi·

205 1734 400 1780 tantibus
442 1731 544 1788 pilis
573 1763 589 1786 ‚
631 1727 784 1787 quales
830 1729 970 1775 modo
1012 1732 1057 1775 in
1095 1733 1236 1777 cauda
1267 1735 1518 1780 notavimus
1546 1769 1559 1792 ,
1606 1738 1874 1799 circumsep-

206 1823 300 1856 tum
334 1808 435 1871 (ἱ).

272 1880 417 1925 Pedes
451 1878 495 1923 hi
530 1879 733 1922 natatorii
767 1879 812 1923 in
846 1879 1036 1926 femellis
1069 1883 1197 1927 etiam
1221 1885 1400 1929 minutis
1424 1897 1447 1929 e
1471 1899 1665 1946 corpore
1689 1888 1875 1935 exclusis

206 1958 318 2003 Ovis
341 1989 355 2010 ‚
398 1954 670 2012 aliquamdiu
701 1955 945 1998 retinendis
978 1955 1024 2000 δε
1057 1958 1357 2005 custodientes
1391 1961 1635 2010 inserviunt
1664 1981 1675 2010 :
1755 1966 1874 2012 Cum

206 2033 322 2077 enim
347 2030 484 2075 crusta
507 2029 688 2081 durior,
712 2042 799 2085 qua
823 2029 993 2086 Astaci‚
1018 2033 1209 2091 Cancri,
1235 2036 1418 2095 Squillae
1443 2037 1488 2083 δε
1512 2040 1714 2099 piscesid
1729 2056 1873 2102 genus

1708 2114 1871 2160 crusta·

256 2234 341 2284 (h)
377 2230 477 2272 Haee
504 2229 651 2280 procul
678 2226 804 2270 dubio
834 2231 1033 2282 genitales
1053 2233 1230 2276 marium
1250 2243 1387 2286 partes
1407 2238 1516 2280 sunt.

256 2297 332 2346 (i)
366 2293 412 2333 In
437 2304 522 2332 uno
553 2292 781 2340 eodemque
802 2292 931 2343 igitur
951 2298 1100 2337 Astaco
1115 2326 1126 2347 ‚
1158 2309 1339 2348 quatuor
1361 2300 1539 2342 diversas
1560 2301 1736 2351 pilorum
1759 2302 1876 2343 dete-

206 2359 341 2409 gimus
368 2355 533 2405 species.
594 2357 651 2393 10.
679 2353 875 2395 Dentatas
900 2355 1162 2396 brachiorum
1191 2360 1281 2399 Tab.
1303 2363 1336 2403 Ι.
1357 2364 1424 2414 fig.
1448 2364 1513 2404 IV.
1536 2366 1570 2405 8.
1627 2370 1689 2404 20.
1716 2366 1872 2407 Pluma.

204 2430 268 2459 tas
295 2417 336 2455 in
354 2416 486 2455 cauda
504 2416 545 2453 &
565 2411 734 2462 pedibus
751 2415 965 2455 natatoriis
994 2419 1085 2459 Tab.
1106 2420 1140 2461 I.
1158 2421 1224 2473 fig.
1244 2423 1310 2463 IV.
1336 2428 1394 2466 18.
1451 2429 1510 2472 30.
1542 2425 1746 2473 vulgares
1770 2436 1872 2469 tere-

201 2488 259 2518 tes
286 2476 366 2514 slve
393 2477 596 2527 Cylindrict‘
621 2473 662 2513 in
684 2474 853 2523 pedibus
872 2477 913 2516 &3
933 2477 1021 2520 aliis
1044 2485 1228 2532 corporis
1251 2484 1447 2533 partibus.
1488 2490 1551 2536 40.
1580 2488 1722 2528 Breves
1750 2499 1873 2534 quas<

202 2542 295 2578 dam
328 2538 392 2577 sed
420 2539 561 2581 craffas
591 2536 632 2579 &
660 2534 810 2588 rigidas
829 2535 1032 2589 spinarum
1055 2539 1175 2580 instar
1196 2540 1238 2582 in
1258 2541 1374 2585 labiis
1394 2544 1671 2586 interioribus·
1723 2547 1817 2588 Tab.
1834 2547 1871 2585 I.

193 2604 261 2653 fig.
282 2600 347 2639 IV.
379 2611 435 2640 12.

1058 2661 1157 2707 ΒΩ,
