2262 3182
586 194 1472 250 sUsssEcth.
1825 218 1885 269 59

322 327 558 376 Sertularia
593 326 834 374 denticulis
870 327 1195 388 suboppofitiS,
1239 331 1479 392 tubt1lati5‚
1518 332 1745 394 calycibus
1780 350 1885 384 ova-

379 405 526 462 libus,
571 407 700 450 ramis
737 404 933 452 alternis,
969 405 1079 453 ibid.

321 481 553 528 Corallina
588 482 742 526 abietis
776 481 919 526 forma
942 515 955 535 .,
1003 479 1195 526 Etmslo
1218 516 1229 537 ‚
1282 478 1396 525 Tab.
1433 494 1472 525 1.
1508 484 1550 528 b.
1588 487 1640 531 B.

318 557 531 616 Dicitur,
570 555 616 602 &
662 570 953 602 memoratam
991 557 1346 618 Vegetationem
1393 572 1474 616 per
1520 574 1712 619 quatuor
1744 565 1839 612 fere
1865 600 1880 621 ‚

381 625 546 683 quibus
580 624 742 669 servavi
779 622 982 682 menses,
1015 621 1239 679 clarissime
1275 622 1491 681 perspexi.

251 701 533 749 Sertulariam
570 700 682 745 hanc
719 698 875 745 naCtus
899 733 912 755 ‚
959 701 1059 746 vivo
1107 699 1313 746 coalitam
1351 699 1516 747 Ostreo
1543 736 1555 757 ,
1602 703 1837 761 perlucido
1866 743 1879 764 ‚

185 780 474 839 imponebam
511 779 655 831 vitro,
690 790 803 834 aqua
840 778 1006 823 marina
1044 777 1248 836 repleto,
1290 792 1390 837 quae
1422 779 1518 835 bis,
1565 779 1698 825 semel
1733 795 1880 838 certe,

184 857 388 916 quotidie
424 855 734 900 renovabatur.
806 852 1017 915 Quatuor
1051 857 1228 902 circiter
1262 856 1420 916 elapsis
1457 857 1742 917 septimanis,
1789 863 1881 919 api-

183 949 284 981 cem
319 933 443 993 hujus
478 930 727 977 Sertulariae
775 930 891 977 haud
926 947 1084 992 parum
1120 934 1348 979 extensum
1374 970 1387 990 ‚
1445 934 1497 983 Sc
1541 952 1595 983 ex
1640 952 1757 984 nova
1800 939 1880 986 hac

183 1022 335 1072 parte,
371 1010 504 1053 etiam
541 1007 741 1067 Polypos
776 1020 960 1065 enatos,
1000 1008 1421 1054 animadvertebam.

223 1087 356 1150 ‘Quo
392 1089 539 1133 minus
574 1101 655 1145 per
689 1085 777 1131 hoc
814 1099 990 1146 tempus
1025 1087 1264 1133 Sertularia
1298 1087 1418 1134 fusca
1441 1088 1753 1136 confer-varum
1783 1107 1882 1138 cru-

180 1165 268 1212 sta.
307 1165 490 1210 materiai
513 1162 782 1224 lanuginosa
799 1195 813 1217 ,
840 1162 1130 1222 sordibusque
1154 1167 1309 1219 variis,
1335 1167 1614 1224 operiretur,
1653 1166 1698 1212 &
1721 1168 1883 1228 Polypi

181 1242 357 1288 minimi
393 1240 586 1288 bullares
623 1252 742 1285 tanta
775 1241 908 1299 copia
945 1241 991 1286 in
1028 1241 1186 1287 eadem
1223 1256 1525 1303 augerentur,
1561 1245 1680 1290 unde
1718 1246 1879 1304 reliqui

181 1319 286 1364 inde
323 1319 440 1377 quasi
476 1316 799 1364 suffocarentur
836 1317 1023 1378 Polypi,
1059 1318 1277 1378 impedire
1310 1333 1402 1364 non
1426 1323 1570 1378 potui.
1641 1322 1690 1368 In
1729 1338 1883 1370 recen-

188 1396 306 1441 tibus
343 1409 487 1441 tamen
513 1429 527 1449 ,
575 1397 702 1440 variis
738 1396 782 1440 in
820 1395 932 1441 locis
967 1396 1327 1455 prodeuntibUS,
1363 1394 1413 1443 &c
1447 1397 1594 1444 adbuc
1627 1401 1778 1460 puris,
1814 1415 1880 1446 ra·

177 1471 386 1516 musculis
421 1471 666 1532 Vegetatio
704 1470 956 1517 luculenter
989 1471 1367 1529 conspiciebatur.

242 1547 394 1594 Primo
430 1549 626 1592 minutus
660 1545 918 1607 emergebat
954 1546 1192 1601 articulus,
1230 1547 1306 1604 qui
1334 1547 1466 1594 instar
1494 1550 1668 1605 tubuli,
1703 1553 1746 1597 in
1772 1566 1879 1611 qua-

182 1634 284 1667 tuor
307 1656 321 1675 ‚
361 1624 560 1680 quinque
583 1655 596 1674 ‚
639 1623 732 1665 imo
767 1623 873 1665 oc'to
909 1621 1127 1667 linearum
1162 1623 1497 1685 longitudinem
1534 1627 1877 1685 succrescebac3

175 1697 330 1756 elapfis
366 1698 537 1754 aliquot
575 1696 730 1741 diebus
756 1728 769 1747 ,
815 1696 869 1740 ad
906 1694 1040 1740 latera
1075 1696 1205 1757 hujus
1227 1735 1238 1755 ‚
1289 1702 1446 1746 ramuli
1480 1705 1709 1761 minoreS‚
1758 1706 1879 1764 quast

174 1772 443 1836 gemmulae,
479 1771 729 1815 alternatim
753 1771 1061 1828 prodeuntes,
1097 1774 1515 1832 conspiciebantur,
1554 1793 1653 1836 quae
1678 1794 1873 1838 quatuor

174 1863 250 1895 aut
285 1848 357 1894 sex
393 1848 564 1893 dierum
601 1846 742 1906 spatio
777 1848 821 1891 in
858 1848 1083 1907 perfectos
1118 1849 1436 1896 adolescebant
1471 1852 1687 1911 PolypOS.

242 1923 382 1970 Novo
428 1922 601 1969 ramulo
652 1923 819 1968 laterali
856 1925 1082 1971 emersuro
1109 1960 1122 1981 ‚
1179 1927 1341 1989 Polypi
1387 1931 1523 1975 medii
1559 1931 1685 1991 hujus
1720 1935 1872 1991 rami,

173 2001 347 2049 cellulis
383 1999 470 2046 suis
504 1998 672 2045 latuisse
698 2032 716 2056 ,
763 1998 1011 2060 inclu-fique
1057 2003 1252 2050 manfiss'e
1278 2038 1293 2060 ,
1335 2006 1444 2051 mihi
1489 2006 1562 2052 vifi
1608 2006 1707 2054 sunt
1754 2010 1873 2073 (p).

1750 2085 1872 2134 Cum

228 2151 316 2204 (p)
347 2153 541 2192 Rosmus
571 2152 631 2203 qui
663 2152 701 2190 in
731 2165 825 2204 aqua
852 2150 976 2198 dulci,
1021 2154 1140 2194 multo
1170 2157 1309 2207 majore
1331 2185 1344 2203 ‚
1384 2171 1497 2210 quam
1526 2170 1599 2210 ego
1629 2160 1668 2198 in
1699 2163 1870 2211 marina,

173 2215 468 2261 commoditate3
497 2213 634 2253 Infecta
660 2214 848 2253 observate
877 2216 1021 2265 potuit,
1049 2230 1183 2254 novem
1213 2219 1251 2255 in
1281 2218 1366 2265 illa,
1404 2221 1686 2273 Zoophytorum
1711 2234 1869 2271 genera,

171 2279 326 2317 nomine
348 2276 709 2326 Astera-polfforum
730 2275 981 2326 deprehendit.
1043 2278 1093 2316 Et
1122 2276 1160 2314 hi
1194 2278 1324 2330 Polypi
1354 2278 1423 2324 five
1447 2282 1648 2321 Sertulariae
1684 2296 1729 2320 ex
1769 2296 1866 2335 aqua

173 2341 292 2388 dulci,
322 2341 401 2378 licet
434 2340 589 2376 marinis
624 2338 740 2376 multo
764 2339 950 2385 minores,
979 2338 1110 2377 eodem
1133 2352 1256 2379 tamen
1286 2340 1447 2382 crescunt
1465 2345 1607 2391 modo,
1637 2346 1868 2387 &omnibus

170 2403 301 2442 iisdem
333 2403 542 2455 gaudebant
572 2401 820 2454 qualitatibus.
870 2402 966 2441 Vide
994 2404 1131 2443 Rosm,
1151 2434 1163 2452 ‚
1203 2406 1382 2456 supplem.
1411 2419 1498 2458 pag.
1526 2421 1617 2456 452.
1656 2408 1718 2446 ubi
1750 2410 1866 2450 dicit:

170 2494 199 2513 „
226 2465 484 2513 ,Menigmalen
515 2467 657 2504 bleihen
681 2464 732 2515 sie
747 2478 823 2514 ga}-
844 2479 955 2515 eynen
976 2480 1082 2516 zwey
1105 2469 1161 2506 bis
1185 2469 1272 2516 drey
1292 2476 1381 2515 tage
1402 2481 1470 2505 ans
1483 2496 1495 2511 ‚
1519 2466 1560 2514 sb
1581 2467 1663 2516 clas}
1684 2483 1718 2508 es
1733 2469 1858 2518 stubei·

170 2557 198 2576 „
227 2537 315 2574 net,
343 2530 399 2566 als
424 2532 466 2567 ob
480 2530 530 2580 sie
548 2531 649 2568 allen
669 2531 752 2566 toda*
770 2543 928 2574 waram
957 2534 1031 2568 wie
1052 2531 1153 2568 wohl
1162 2529 1236 2579 ste,
1267 2531 1323 2566 als
1344 2529 1426 2565 dem
1447 2531 1527 2567 viel
1555 2530 1661 2568 mehr
1690 2534 1773 2569 elue
1791 2542 1860 2571 art

168 2619 197 2637 „
224 2595 330 2629 einer
354 2592 556 2632 krankheit
586 2607 634 2632 zu
661 2593 782 2631 leiden
807 2591 1008 2639 schemen,
1041 2603 1177 2629 wavon
1209 2590 1295 2628 hier
1322 2592 1403 2628 und
1425 2592 1500 2629 dar
1526 2595 1646 2641 einige
1668 2593 1776 2639 Aeste
1796 2596 1861 2632 ab·

172 2679 200 2698 ,‚
220 2650 347 2700 stehen
362 2679 373 2697 ,
401 2665 470 2691 aus
490 2656 673 2705 westher,
701 2657 797 2694 aber
816 2654 1019 2694 imm-halb
1043 2655 1176 2705 dreyer
1194 2656 1282 2705 tage
1297 2682 1310 2703 ‚
1326 2655 1471 2695 wieder
1483 2657 1597 2708 jonge
1611 2655 1769 2708 fprofflm
1790 2658 1858 2695 he}-

171 2739 200 2760 ,,
227 2722 316 2752 vort
336 2714 533 2754 tt¹eiben''.·

902 2777 1010 2824 ΗΞ
