<?xml version="1.0" encoding="UTF-8"?>
<!DOCTYPE html PUBLIC "-//W3C//DTD XHTML 1.0 Transitional//EN"
    "http://www.w3.org/TR/xhtml1/DTD/xhtml1-transitional.dtd">
<html xmlns="http://www.w3.org/1999/xhtml" xml:lang="en" lang="en">
 <head>
  <title>
</title>
<meta http-equiv="Content-Type" content="text/html;charset=utf-8" />
  <meta name='ocr-system' content='tesseract 3.04.00' />
  <meta name='ocr-capabilities' content='ocr_page ocr_carea ocr_par ocr_line ocrx_word'/>
</head>
<body>
  <div class='ocr_page' id='page_1' title='image "./jobibasteriopusc00bast_0020.png"; bbox 0 0 2262 3182; ppageno 0'>
   <div class='ocr_carea' id='block_1_1' title="bbox 379 197 1633 254">
    <p class='ocr_par' dir='ltr' id='par_1_1' title="bbox 379 197 1633 254">
     <span class='ocr_line' id='line_1_1' title="bbox 379 197 1633 254; baseline -0.004 -1"><span class='ocrx_word' id='word_1_1' title='bbox 379 219 437 254; x_wconf 84' lang='lat'>10</span> <span class='ocrx_word' id='word_1_2' title='bbox 836 197 1633 249; x_wconf 88' lang='lat' dir='ltr'>OPUSCULA</span> 
     </span>
    </p>
   </div>
   <div class='ocr_carea' id='block_1_2' title="bbox 375 311 2121 2602">
    <p class='ocr_par' dir='ltr' id='par_1_2' title="bbox 375 311 2064 1010">
     <span class='ocr_line' id='line_1_2' title="bbox 378 311 2061 397; baseline 0 -14"><span class='ocrx_word' id='word_1_3' title='bbox 378 335 443 384; x_wconf 89' lang='lat' dir='ltr'>est</span> <span class='ocrx_word' id='word_1_4' title='bbox 473 338 733 397; x_wconf 83' lang='lat' dir='ltr'>proprietas.</span> <span class='ocrx_word' id='word_1_5' title='bbox 803 330 1013 377; x_wconf 85' lang='lat' dir='ltr'>Attamen</span> <span class='ocrx_word' id='word_1_6' title='bbox 1049 311 1201 391; x_wconf 62' lang='lat' dir='ltr'>planta</span> <span class='ocrx_word' id='word_1_7' title='bbox 1235 333 1430 389; x_wconf 79' lang='lat' dir='ltr'>marina,</span> <span class='ocrx_word' id='word_1_8' title='bbox 1475 331 1670 393; x_wconf 86' lang='lat' dir='ltr'>quodam</span> <span class='ocrx_word' id='word_1_9' title='bbox 1707 331 1879 393; x_wconf 86' lang='lat' dir='ltr'>semper</span> <span class='ocrx_word' id='word_1_10' title='bbox 1913 336 2061 383; x_wconf 71' lang='lat' dir='ltr'>cin6‘ca</span> 
     </span>
     <span class='ocr_line' id='line_1_3' title="bbox 375 407 2059 472; baseline -0.001 -12"><span class='ocrx_word' id='word_1_11' title='bbox 375 414 438 460; x_wconf 88' lang='lat' dir='ltr'>est</span> <span class='ocrx_word' id='word_1_12' title='bbox 473 414 621 459; x_wconf 87' lang='lat' dir='ltr'>medio</span> <span class='ocrx_word' id='word_1_13' title='bbox 647 445 661 466; x_wconf 85' lang='lat'>‚</span> <span class='ocrx_word' id='word_1_14' title='bbox 703 407 827 469; x_wconf 89' lang='lat' dir='ltr'>quod</span> <span class='ocrx_word' id='word_1_15' title='bbox 861 408 1121 454; x_wconf 85' lang='lat' dir='ltr'><strong>alimentum</strong></span> <span class='ocrx_word' id='word_1_16' title='bbox 1155 408 1311 455; x_wconf 82' lang='lat' dir='ltr'>afferre</span> <span class='ocrx_word' id='word_1_17' title='bbox 1345 410 1490 469; x_wconf 86' lang='lat' dir='ltr'>potest</span> <span class='ocrx_word' id='word_1_18' title='bbox 1515 446 1529 466; x_wconf 78' lang='grc'><em>,</em></span> <span class='ocrx_word' id='word_1_19' title='bbox 1583 411 1717 471; x_wconf 90' lang='lat' dir='ltr'>idque</span> <span class='ocrx_word' id='word_1_20' title='bbox 1752 413 1795 458; x_wconf 90' lang='lat' dir='ltr'>in</span> <span class='ocrx_word' id='word_1_21' title='bbox 1832 427 1970 472; x_wconf 87' lang='lat' dir='ltr'>poros</span> <span class='ocrx_word' id='word_1_22' title='bbox 2005 415 2059 458; x_wconf 88' lang='lat' dir='ltr'>ir-</span> 
     </span>
     <span class='ocr_line' id='line_1_4' title="bbox 378 484 2060 550; baseline 0.001 -14"><span class='ocrx_word' id='word_1_23' title='bbox 378 502 580 549; x_wconf 78' lang='lat' dir='ltr'>reptan5‚</span> <span class='ocrx_word' id='word_1_24' title='bbox 615 485 860 550; x_wconf 85' lang='lat' dir='ltr'><strong>ingreditur</strong></span> <span class='ocrx_word' id='word_1_25' title='bbox 892 497 1096 531; x_wconf 90' lang='lat' dir='ltr'>truncum</span> <span class='ocrx_word' id='word_1_26' title='bbox 1129 484 1180 533; x_wconf 66' lang='grc' dir='ltr'><strong>ἃ</strong></span> <span class='ocrx_word' id='word_1_27' title='bbox 1214 501 1390 543; x_wconf 82' lang='lat' dir='ltr'>ramos,</span> <span class='ocrx_word' id='word_1_28' title='bbox 1426 488 1539 534; x_wconf 88' lang='lat' dir='ltr'>adeo</span> <span class='ocrx_word' id='word_1_29' title='bbox 1572 502 1621 535; x_wconf 92' lang='lat' dir='ltr'>ut</span> <span class='ocrx_word' id='word_1_30' title='bbox 1657 503 1750 535; x_wconf 85' lang='lat' dir='ltr'>tota</span> <span class='ocrx_word' id='word_1_31' title='bbox 1784 490 1936 549; x_wconf 86' lang='lat' dir='ltr'>planta</span> <span class='ocrx_word' id='word_1_32' title='bbox 1971 506 2060 537; x_wconf 88' lang='lat' dir='ltr'>ma-</span> 
     </span>
     <span class='ocr_line' id='line_1_5' title="bbox 377 561 2062 626; baseline 0.002 -17"><span class='ocrx_word' id='word_1_33' title='bbox 377 567 496 619; x_wconf 84' lang='lat' dir='ltr'>rina,</span> <span class='ocrx_word' id='word_1_34' title='bbox 540 562 657 622; x_wconf 78' lang='lat' dir='ltr'>quasi</span> <span class='ocrx_word' id='word_1_35' title='bbox 692 562 816 609; x_wconf 83' lang='lat' dir='ltr'>radix</span> <span class='ocrx_word' id='word_1_36' title='bbox 850 562 913 608; x_wconf 87' lang='lat' dir='ltr'>fit.</span> <span class='ocrx_word' id='word_1_37' title='bbox 983 561 1032 609; x_wconf 89' lang='lat' dir='ltr'>ld</span> <span class='ocrx_word' id='word_1_38' title='bbox 1067 564 1198 609; x_wconf 81' lang='lat' dir='ltr'>etiam</span> <span class='ocrx_word' id='word_1_39' title='bbox 1230 577 1377 623; x_wconf 85' lang='lat' dir='ltr'>patet,</span> <span class='ocrx_word' id='word_1_40' title='bbox 1424 580 1525 612; x_wconf 87' lang='lat' dir='ltr'>cum</span> <span class='ocrx_word' id='word_1_41' title='bbox 1561 567 1717 614; x_wconf 78' lang='lat' dir='ltr'>siccata</span> <span class='ocrx_word' id='word_1_42' title='bbox 1750 567 1900 626; x_wconf 82' lang='lat' dir='ltr'>planta</span> <span class='ocrx_word' id='word_1_43' title='bbox 1933 569 2062 614; x_wconf 74' lang='lat' dir='ltr'>maii-</span> 
     </span>
     <span class='ocr_line' id='line_1_6' title="bbox 376 642 2063 708; baseline 0.002 -20"><span class='ocrx_word' id='word_1_44' title='bbox 376 657 433 690; x_wconf 90' lang='lat' dir='ltr'>na</span> <span class='ocrx_word' id='word_1_45' title='bbox 465 656 590 701; x_wconf 82' lang='lat' dir='ltr'>aquae</span> <span class='ocrx_word' id='word_1_46' title='bbox 626 643 807 688; x_wconf 83' lang='lat' dir='ltr'>marinae</span> <span class='ocrx_word' id='word_1_47' title='bbox 843 642 1116 702; x_wconf 80' lang='lat' dir='ltr'>imponitur,</span> <span class='ocrx_word' id='word_1_48' title='bbox 1155 654 1256 687; x_wconf 85' lang='lat' dir='ltr'>nam</span> <span class='ocrx_word' id='word_1_49' title='bbox 1290 643 1335 688; x_wconf 88' lang='lat' dir='ltr'>in</span> <span class='ocrx_word' id='word_1_50' title='bbox 1369 645 1563 701; x_wconf 79' lang='lat' dir='ltr'>priorem</span> <span class='ocrx_word' id='word_1_51' title='bbox 1587 647 1777 708; x_wconf 82' lang='lat' dir='ltr'>effigiem</span> <span class='ocrx_word' id='word_1_52' title='bbox 1801 645 1851 693; x_wconf 70' lang='lat' dir='ltr'>&lt;Sc</span> <span class='ocrx_word' id='word_1_53' title='bbox 1874 646 2063 691; x_wconf 86' lang='lat' dir='ltr'>formam</span> 
     </span>
     <span class='ocr_line' id='line_1_7' title="bbox 378 715 2062 778; baseline -0.001 -11"><span class='ocrx_word' id='word_1_54' title='bbox 378 719 568 767; x_wconf 89' lang='lat' dir='ltr'>omnino</span> <span class='ocrx_word' id='word_1_55' title='bbox 601 715 751 773; x_wconf 88' lang='lat' dir='ltr'>redit;</span> <span class='ocrx_word' id='word_1_56' title='bbox 801 715 829 760; x_wconf 86' lang='lat' dir='ltr'><strong>fi</strong></span> <span class='ocrx_word' id='word_1_57' title='bbox 863 731 968 763; x_wconf 88' lang='lat' dir='ltr'>vcro</span> <span class='ocrx_word' id='word_1_58' title='bbox 1000 717 1162 777; x_wconf 78' lang='lat' dir='ltr'>plantae</span> <span class='ocrx_word' id='word_1_59' title='bbox 1195 730 1324 775; x_wconf 83' lang='lat' dir='ltr'>pars,</span> <span class='ocrx_word' id='word_1_60' title='bbox 1371 730 1491 764; x_wconf 77' lang='lat' dir='ltr'>eXtra</span> <span class='ocrx_word' id='word_1_61' title='bbox 1527 733 1683 778; x_wconf 83' lang='lat' dir='ltr'>aquam</span> <span class='ocrx_word' id='word_1_62' title='bbox 1720 718 1882 766; x_wconf 88' lang='lat' dir='ltr'>steterit</span> <span class='ocrx_word' id='word_1_63' title='bbox 1907 754 1919 775; x_wconf 82' lang='lat'>‚</span> <span class='ocrx_word' id='word_1_64' title='bbox 1968 721 2062 766; x_wconf 81' lang='lat' dir='ltr'>haec</span> 
     </span>
     <span class='ocr_line' id='line_1_8' title="bbox 378 794 2064 858; baseline -0.001 -16"><span class='ocrx_word' id='word_1_65' title='bbox 378 796 490 842; x_wconf 86' lang='lat' dir='ltr'>ficca</span> <span class='ocrx_word' id='word_1_66' title='bbox 526 794 757 839; x_wconf 86' lang='lat' dir='ltr'>manebit:</span> <span class='ocrx_word' id='word_1_67' title='bbox 803 795 997 842; x_wconf 88' lang='lat' dir='ltr'>evidenti</span> <span class='ocrx_word' id='word_1_68' title='bbox 1031 807 1294 858; x_wconf 84' lang='lat' dir='ltr'>argumento</span> <span class='ocrx_word' id='word_1_69' title='bbox 1330 796 1373 841; x_wconf 90' lang='lat' dir='ltr'>in</span> <span class='ocrx_word' id='word_1_70' title='bbox 1409 810 1460 842; x_wconf 86' lang='lat' dir='ltr'>ea</span> <span class='ocrx_word' id='word_1_71' title='bbox 1494 795 1668 842; x_wconf 82' lang='lat' dir='ltr'>canales</span> <span class='ocrx_word' id='word_1_72' title='bbox 1702 809 1796 841; x_wconf 89' lang='lat' dir='ltr'>non</span> <span class='ocrx_word' id='word_1_73' title='bbox 1831 796 1943 851; x_wconf 79' lang='lat' dir='ltr'>eise,</span> <span class='ocrx_word' id='word_1_74' title='bbox 1986 797 2064 855; x_wconf 88' lang='lat' dir='ltr'>qui</span> 
     </span>
     <span class='ocr_line' id='line_1_9' title="bbox 379 871 2062 936; baseline -0.001 -16"><span class='ocrx_word' id='word_1_75' title='bbox 379 872 594 920; x_wconf 87' lang='lat' dir='ltr'>humores</span> <span class='ocrx_word' id='word_1_76' title='bbox 631 887 686 918; x_wconf 83' lang='lat' dir='ltr'>ex</span> <span class='ocrx_word' id='word_1_77' title='bbox 721 871 870 919; x_wconf 82' lang='lat' dir='ltr'>radice</span> <span class='ocrx_word' id='word_1_78' title='bbox 905 873 1070 919; x_wconf 88' lang='lat' dir='ltr'>sursum</span> <span class='ocrx_word' id='word_1_79' title='bbox 1105 872 1271 920; x_wconf 87' lang='lat' dir='ltr'>vehunt</span> <span class='ocrx_word' id='word_1_80' title='bbox 1293 910 1304 931; x_wconf 86' lang='lat'>‚</span> <span class='ocrx_word' id='word_1_81' title='bbox 1356 887 1432 921; x_wconf 86' lang='lat' dir='ltr'>aut</span> <span class='ocrx_word' id='word_1_82' title='bbox 1465 890 1545 936; x_wconf 90' lang='lat' dir='ltr'>per</span> <span class='ocrx_word' id='word_1_83' title='bbox 1578 888 1724 922; x_wconf 84' lang='lat' dir='ltr'>ramos</span> <span class='ocrx_word' id='word_1_84' title='bbox 1759 873 2062 934; x_wconf 84' lang='lat' dir='ltr'>distribuunt,</span> 
     </span>
     <span class='ocr_line' id='line_1_10' title="bbox 384 949 1360 1010; baseline 0.001 -15"><span class='ocrx_word' id='word_1_85' title='bbox 384 949 767 1009; x_wconf 83' lang='lat' dir='ltr'>quemadmodum</span> <span class='ocrx_word' id='word_1_86' title='bbox 803 951 846 996; x_wconf 91' lang='lat' dir='ltr'>in</span> <span class='ocrx_word' id='word_1_87' title='bbox 881 949 1043 1010; x_wconf 89' lang='lat' dir='ltr'>plantis</span> <span class='ocrx_word' id='word_1_88' title='bbox 1079 952 1264 996; x_wconf 85' lang='lat' dir='ltr'>terrenis</span> <span class='ocrx_word' id='word_1_89' title='bbox 1298 950 1360 996; x_wconf 84' lang='lat' dir='ltr'>fit.</span> 
     </span>
    </p>

    <p class='ocr_par' dir='ltr' id='par_1_3' title="bbox 382 1026 2121 1544">
     <span class='ocr_line' id='line_1_11' title="bbox 446 1026 2063 1088; baseline 0 -16"><span class='ocrx_word' id='word_1_90' title='bbox 446 1026 615 1073; x_wconf 72' lang='lat' dir='ltr'>Plantae</span> <span class='ocrx_word' id='word_1_91' title='bbox 650 1030 827 1074; x_wconf 83' lang='lat' dir='ltr'>marinae</span> <span class='ocrx_word' id='word_1_92' title='bbox 851 1063 865 1085; x_wconf 84' lang='lat'>‚</span> <span class='ocrx_word' id='word_1_93' title='bbox 913 1027 1085 1088; x_wconf 83' lang='lat' dir='ltr'>semper</span> <span class='ocrx_word' id='word_1_94' title='bbox 1117 1040 1405 1076; x_wconf 83' lang='lat' dir='ltr'>accreverunt</span> <span class='ocrx_word' id='word_1_95' title='bbox 1437 1028 1621 1088; x_wconf 81' lang='lat' dir='ltr'>rupibus</span> <span class='ocrx_word' id='word_1_96' title='bbox 1645 1065 1657 1086; x_wconf 89' lang='lat'><strong>‚</strong></span> <span class='ocrx_word' id='word_1_97' title='bbox 1701 1039 1776 1074; x_wconf 89' lang='lat' dir='ltr'>aut</span> <span class='ocrx_word' id='word_1_98' title='bbox 1810 1027 2027 1087; x_wconf 84' lang='lat' dir='ltr'>lapidibus</span> <span class='ocrx_word' id='word_1_99' title='bbox 2050 1064 2063 1086; x_wconf 88' lang='lat'>,</span> 
     </span>
     <span class='ocr_line' id='line_1_12' title="bbox 385 1101 2069 1164; baseline -0.001 -16"><span class='ocrx_word' id='word_1_100' title='bbox 385 1101 612 1156; x_wconf 77' lang='lat' dir='ltr'>cochleis,</span> <span class='ocrx_word' id='word_1_101' title='bbox 649 1103 865 1160; x_wconf 74' lang='lat' dir='ltr'>conchis‚</span> <span class='ocrx_word' id='word_1_102' title='bbox 902 1102 1198 1164; x_wconf 74' lang='lat' dir='ltr'>similibusque</span> <span class='ocrx_word' id='word_1_103' title='bbox 1233 1105 1499 1164; x_wconf 82' lang='lat' dir='ltr'>corporibus</span> <span class='ocrx_word' id='word_1_104' title='bbox 1535 1104 1579 1148; x_wconf 88' lang='lat' dir='ltr'>in</span> <span class='ocrx_word' id='word_1_105' title='bbox 1603 1103 1746 1149; x_wconf 88' lang='lat' dir='ltr'>fundo</span> <span class='ocrx_word' id='word_1_106' title='bbox 1767 1102 2069 1162; x_wconf 73' lang='lat' dir='ltr'>marisj‘acen-</span> 
     </span>
     <span class='ocr_line' id='line_1_13' title="bbox 384 1178 2068 1240; baseline -0.001 -15"><span class='ocrx_word' id='word_1_107' title='bbox 384 1179 526 1225; x_wconf 86' lang='lat' dir='ltr'>tibus:</span> <span class='ocrx_word' id='word_1_108' title='bbox 569 1194 672 1225; x_wconf 86' lang='lat' dir='ltr'>nam</span> <span class='ocrx_word' id='word_1_109' title='bbox 708 1182 836 1226; x_wconf 84' lang='lat' dir='ltr'>maris</span> <span class='ocrx_word' id='word_1_110' title='bbox 871 1180 1035 1228; x_wconf 90' lang='lat' dir='ltr'>fundus</span> <span class='ocrx_word' id='word_1_111' title='bbox 1058 1216 1072 1236; x_wconf 74' lang='lat'>,</span> <span class='ocrx_word' id='word_1_112' title='bbox 1118 1181 1339 1227; x_wconf 76' lang='lat' dir='ltr'>radicibus</span> <span class='ocrx_word' id='word_1_113' title='bbox 1373 1181 1622 1240; x_wconf 81' lang='lat' dir='ltr'>plantarum</span> <span class='ocrx_word' id='word_1_114' title='bbox 1657 1178 1923 1239; x_wconf 85' lang='lat' dir='ltr'>recipiendis</span> <span class='ocrx_word' id='word_1_115' title='bbox 1949 1213 1961 1234; x_wconf 81' lang='lat'>‚</span> <span class='ocrx_word' id='word_1_116' title='bbox 2007 1178 2068 1223; x_wconf 85' lang='lat' dir='ltr'>est</span> 
     </span>
     <span class='ocr_line' id='line_1_14' title="bbox 384 1253 2070 1318; baseline -0.002 -16"><span class='ocrx_word' id='word_1_117' title='bbox 384 1259 566 1303; x_wconf 88' lang='lat' dir='ltr'>minime</span> <span class='ocrx_word' id='word_1_118' title='bbox 602 1258 821 1315; x_wconf 85' lang='lat' dir='ltr'>idoneus,</span> <span class='ocrx_word' id='word_1_119' title='bbox 856 1260 958 1318; x_wconf 86' lang='lat' dir='ltr'>quia</span> <span class='ocrx_word' id='word_1_120' title='bbox 995 1258 1143 1305; x_wconf 85' lang='lat' dir='ltr'>multis</span> <span class='ocrx_word' id='word_1_121' title='bbox 1178 1259 1223 1303; x_wconf 90' lang='lat' dir='ltr'>in</span> <span class='ocrx_word' id='word_1_122' title='bbox 1258 1257 1373 1302; x_wconf 90' lang='lat' dir='ltr'>Iocis</span> <span class='ocrx_word' id='word_1_123' title='bbox 1406 1256 1577 1302; x_wconf 84' lang='lat' dir='ltr'>constat</span> <span class='ocrx_word' id='word_1_124' title='bbox 1612 1271 1666 1302; x_wconf 82' lang='lat' dir='ltr'>ex</span> <span class='ocrx_word' id='word_1_125' title='bbox 1699 1269 1831 1301; x_wconf 85' lang='lat' dir='ltr'>arena</span> <span class='ocrx_word' id='word_1_126' title='bbox 1855 1253 2070 1310; x_wconf 85' lang='lat' dir='ltr'>volubili,</span> 
     </span>
     <span class='ocr_line' id='line_1_15' title="bbox 382 1328 2073 1394; baseline -0.004 -14"><span class='ocrx_word' id='word_1_127' title='bbox 382 1346 485 1392; x_wconf 82' lang='lat' dir='ltr'>quae</span> <span class='ocrx_word' id='word_1_128' title='bbox 521 1349 545 1378; x_wconf 86' lang='lat' dir='ltr'>a</span> <span class='ocrx_word' id='word_1_129' title='bbox 582 1333 790 1380; x_wconf 69' lang='lat' dir='ltr'>flufflbus</span> <span class='ocrx_word' id='word_1_130' title='bbox 840 1334 1040 1393; x_wconf 85' lang='lat' dir='ltr'>quotidie</span> <span class='ocrx_word' id='word_1_131' title='bbox 1087 1333 1304 1394; x_wconf 74' lang='lat' dir='ltr'>quassatur</span> <span class='ocrx_word' id='word_1_132' title='bbox 1327 1368 1340 1389; x_wconf 84' lang='lat'>‚</span> <span class='ocrx_word' id='word_1_133' title='bbox 1386 1330 1431 1378; x_wconf 85' lang='lat'>&amp;</span> <span class='ocrx_word' id='word_1_134' title='bbox 1475 1346 1530 1376; x_wconf 81' lang='lat' dir='ltr'>ex</span> <span class='ocrx_word' id='word_1_135' title='bbox 1565 1331 1670 1376; x_wconf 91' lang='lat' dir='ltr'>loco</span> <span class='ocrx_word' id='word_1_136' title='bbox 1706 1331 1750 1374; x_wconf 89' lang='lat' dir='ltr'>in</span> <span class='ocrx_word' id='word_1_137' title='bbox 1785 1328 1936 1374; x_wconf 89' lang='lat' dir='ltr'>locum</span> <span class='ocrx_word' id='word_1_138' title='bbox 1968 1341 2073 1387; x_wconf 87' lang='lat' dir='ltr'>pro-</span> 
     </span>
     <span class='ocr_line' id='line_1_16' title="bbox 384 1403 2121 1464; baseline -0.004 -9"><span class='ocrx_word' id='word_1_139' title='bbox 384 1409 579 1456; x_wconf 82' lang='lat' dir='ltr'>volvitur</span> <span class='ocrx_word' id='word_1_140' title='bbox 604 1444 618 1464; x_wconf 83' lang='lat'>‚</span> <span class='ocrx_word' id='word_1_141' title='bbox 663 1409 767 1455; x_wconf 90' lang='lat' dir='ltr'>ideo</span> <span class='ocrx_word' id='word_1_142' title='bbox 800 1410 1020 1456; x_wconf 82' lang='lat' dir='ltr'>radicibus</span> <span class='ocrx_word' id='word_1_143' title='bbox 1055 1409 1221 1457; x_wconf 81' lang='lat' dir='ltr'>stabilis</span> <span class='ocrx_word' id='word_1_144' title='bbox 1256 1423 1349 1454; x_wconf 93' lang='lat' dir='ltr'>non</span> <span class='ocrx_word' id='word_1_145' title='bbox 1387 1406 1510 1453; x_wconf 87' lang='lat' dir='ltr'>fieret</span> <span class='ocrx_word' id='word_1_146' title='bbox 1542 1406 1692 1462; x_wconf 77' lang='lat' dir='ltr'>sedes,</span> <span class='ocrx_word' id='word_1_147' title='bbox 1738 1403 1811 1449; x_wconf 82' lang='lat' dir='ltr'>sed</span> <span class='ocrx_word' id='word_1_148' title='bbox 1847 1417 1965 1449; x_wconf 87' lang='lat' dir='ltr'>nunc</span> <span class='ocrx_word' id='word_1_149' title='bbox 2002 1418 2075 1449; x_wconf 87' lang='lat' dir='ltr'>or·</span> <span class='ocrx_word' id='word_1_150' title='bbox 2112 1426 2121 1432; x_wconf 88' lang='lat'><strong>·</strong></span> 
     </span>
     <span class='ocr_line' id='line_1_17' title="bbox 387 1479 1913 1544; baseline -0.006 -13"><span class='ocrx_word' id='word_1_151' title='bbox 387 1485 597 1532; x_wconf 87' lang='lat' dir='ltr'>barentur</span> <span class='ocrx_word' id='word_1_152' title='bbox 633 1487 803 1541; x_wconf 84' lang='lat' dir='ltr'>arenis,</span> <span class='ocrx_word' id='word_1_153' title='bbox 837 1486 925 1531; x_wconf 86' lang='lat' dir='ltr'>alio</span> <span class='ocrx_word' id='word_1_154' title='bbox 962 1498 1164 1544; x_wconf 87' lang='lat' dir='ltr'>tempore</span> <span class='ocrx_word' id='word_1_155' title='bbox 1199 1484 1377 1542; x_wconf 87' lang='lat' dir='ltr'>penitus</span> <span class='ocrx_word' id='word_1_156' title='bbox 1414 1480 1490 1526; x_wconf 91' lang='lat' dir='ltr'>sub</span> <span class='ocrx_word' id='word_1_157' title='bbox 1526 1483 1576 1525; x_wconf 84' lang='lat' dir='ltr'>iis</span> <span class='ocrx_word' id='word_1_158' title='bbox 1610 1479 1913 1539; x_wconf 78' lang='lat' dir='ltr'>sepelirentur.</span> 
     </span>
    </p>

    <p class='ocr_par' dir='ltr' id='par_1_4' title="bbox 387 1553 2089 2528">
     <span class='ocr_line' id='line_1_18' title="bbox 456 1553 2076 1621; baseline -0.006 -15"><span class='ocrx_word' id='word_1_159' title='bbox 456 1560 584 1616; x_wconf 84' lang='lat' dir='ltr'>Sed,</span> <span class='ocrx_word' id='word_1_160' title='bbox 643 1559 855 1620; x_wconf 82' lang='lat' dir='ltr'>quamdiu</span> <span class='ocrx_word' id='word_1_161' title='bbox 900 1561 944 1606; x_wconf 86' lang='lat' dir='ltr'>in</span> <span class='ocrx_word' id='word_1_162' title='bbox 991 1560 1274 1621; x_wconf 80' lang='lat' dir='ltr'>ignoratione</span> <span class='ocrx_word' id='word_1_163' title='bbox 1325 1571 1439 1603; x_wconf 76' lang='lat' dir='ltr'>verae</span> <span class='ocrx_word' id='word_1_164' title='bbox 1486 1558 1781 1619; x_wconf 83' lang='lat' dir='ltr'>vegetationis</span> <span class='ocrx_word' id='word_1_165' title='bbox 1827 1553 2076 1614; x_wconf 80' lang='lat' dir='ltr'>plantarum</span> 
     </span>
     <span class='ocr_line' id='line_1_19' title="bbox 388 1624 2079 1694; baseline -0.007 -14"><span class='ocrx_word' id='word_1_166' title='bbox 388 1638 652 1682; x_wconf 84' lang='lat' dir='ltr'>marinarum</span> <span class='ocrx_word' id='word_1_167' title='bbox 689 1635 934 1691; x_wconf 85' lang='lat' dir='ltr'>versamur,</span> <span class='ocrx_word' id='word_1_168' title='bbox 978 1636 1134 1694; x_wconf 86' lang='lat' dir='ltr'>probae</span> <span class='ocrx_word' id='word_1_169' title='bbox 1174 1634 1398 1690; x_wconf 86' lang='lat' dir='ltr'>firmaeque</span> <span class='ocrx_word' id='word_1_170' title='bbox 1434 1634 1628 1678; x_wconf 83' lang='lat' dir='ltr'>rationes</span> <span class='ocrx_word' id='word_1_171' title='bbox 1663 1646 1767 1676; x_wconf 87' lang='lat' dir='ltr'>mco</span> <span class='ocrx_word' id='word_1_172' title='bbox 1798 1630 1969 1690; x_wconf 83' lang='lat' dir='ltr'>judicio</span> <span class='ocrx_word' id='word_1_173' title='bbox 2003 1624 2079 1670; x_wconf 84' lang='lat' dir='ltr'>ad-</span> 
     </span>
     <span class='ocr_line' id='line_1_20' title="bbox 387 1703 2079 1770; baseline -0.006 -13"><span class='ocrx_word' id='word_1_174' title='bbox 387 1710 490 1757; x_wconf 87' lang='lat' dir='ltr'>ferri</span> <span class='ocrx_word' id='word_1_175' title='bbox 525 1723 756 1770; x_wconf 89' lang='lat' dir='ltr'>nequeunt</span> <span class='ocrx_word' id='word_1_176' title='bbox 778 1744 792 1765; x_wconf 86' lang='lat'>‚</span> <span class='ocrx_word' id='word_1_177' title='bbox 839 1711 899 1753; x_wconf 86' lang='lat' dir='ltr'>ob</span> <span class='ocrx_word' id='word_1_178' title='bbox 936 1719 1043 1764; x_wconf 84' lang='lat' dir='ltr'>quas</span> <span class='ocrx_word' id='word_1_179' title='bbox 1077 1705 1310 1751; x_wconf 80' lang='lat' dir='ltr'>nonnullae</span> <span class='ocrx_word' id='word_1_180' title='bbox 1334 1739 1347 1757; x_wconf 71' lang='lat'>,</span> <span class='ocrx_word' id='word_1_181' title='bbox 1383 1707 1445 1751; x_wconf 88' lang='lat' dir='ltr'>uti</span> <span class='ocrx_word' id='word_1_182' title='bbox 1481 1706 1617 1752; x_wconf 86' lang='lat' dir='ltr'>multa</span> <span class='ocrx_word' id='word_1_183' title='bbox 1650 1707 1873 1758; x_wconf 71' lang='lat' dir='ltr'>Comma,</span> <span class='ocrx_word' id='word_1_184' title='bbox 1911 1703 1956 1748; x_wconf 86' lang='lat'>&amp;</span> <span class='ocrx_word' id='word_1_185' title='bbox 1989 1703 2079 1748; x_wconf 81' lang='lat' dir='ltr'>Ke-</span> 
     </span>
     <span class='ocr_line' id='line_1_21' title="bbox 388 1777 2080 1845; baseline -0.004 -16"><span class='ocrx_word' id='word_1_186' title='bbox 388 1786 641 1845; x_wconf 86' lang='lat' dir='ltr'>rato-phyta</span> <span class='ocrx_word' id='word_1_187' title='bbox 669 1820 682 1839; x_wconf 90' lang='lat'>,</span> <span class='ocrx_word' id='word_1_188' title='bbox 727 1785 835 1829; x_wconf 90' lang='lat' dir='ltr'>licet</span> <span class='ocrx_word' id='word_1_189' title='bbox 867 1796 892 1826; x_wconf 85' lang='lat' dir='ltr'>a</span> <span class='ocrx_word' id='word_1_190' title='bbox 926 1793 1050 1838; x_wconf 82' lang='lat' dir='ltr'>parte</span> <span class='ocrx_word' id='word_1_191' title='bbox 1088 1781 1296 1824; x_wconf 84' lang='lat' dir='ltr'>inferiore</span> <span class='ocrx_word' id='word_1_192' title='bbox 1330 1780 1383 1824; x_wconf 84' lang='lat' dir='ltr'>ad</span> <span class='ocrx_word' id='word_1_193' title='bbox 1417 1781 1589 1838; x_wconf 82' lang='lat' dir='ltr'>apicem</span> <span class='ocrx_word' id='word_1_194' title='bbox 1625 1779 1763 1838; x_wconf 88' lang='lat' dir='ltr'>usque</span> <span class='ocrx_word' id='word_1_195' title='bbox 1795 1779 1963 1824; x_wconf 85' lang='lat' dir='ltr'>cortice</span> <span class='ocrx_word' id='word_1_196' title='bbox 2000 1777 2080 1823; x_wconf 86' lang='lat' dir='ltr'>fint</span> 
     </span>
     <span class='ocr_line' id='line_1_22' title="bbox 389 1854 2078 1922; baseline -0.004 -17"><span class='ocrx_word' id='word_1_197' title='bbox 389 1861 589 1907; x_wconf 63' lang='lat' dir='ltr'>obducta</span> <span class='ocrx_word' id='word_1_198' title='bbox 625 1861 740 1922; x_wconf 84' lang='lat' dir='ltr'>(qui</span> <span class='ocrx_word' id='word_1_199' title='bbox 775 1872 830 1904; x_wconf 80' lang='lat' dir='ltr'>ex</span> <span class='ocrx_word' id='word_1_200' title='bbox 867 1856 1037 1902; x_wconf 80' lang='lat' dir='ltr'>cellulis</span> <span class='ocrx_word' id='word_1_201' title='bbox 1073 1854 1348 1901; x_wconf 59' lang='lat' dir='ltr'>infestorum</span> <span class='ocrx_word' id='word_1_202' title='bbox 1383 1856 1652 1900; x_wconf 82' lang='lat' dir='ltr'>marinorum</span> <span class='ocrx_word' id='word_1_203' title='bbox 1689 1854 1897 1914; x_wconf 77' lang='lat' dir='ltr'>constat)</span> <span class='ocrx_word' id='word_1_204' title='bbox 1932 1866 2078 1899; x_wconf 89' lang='lat' dir='ltr'>tamen</span> 
     </span>
     <span class='ocr_line' id='line_1_23' title="bbox 388 1926 2078 1991; baseline -0.005 -10"><span class='ocrx_word' id='word_1_205' title='bbox 388 1935 490 1981; x_wconf 78' lang='lat' dir='ltr'>iaete</span> <span class='ocrx_word' id='word_1_206' title='bbox 527 1935 753 1981; x_wconf 88' lang='lat' dir='ltr'>crescunt:</span> <span class='ocrx_word' id='word_1_207' title='bbox 791 1947 891 1978; x_wconf 91' lang='lat' dir='ltr'>cum</span> <span class='ocrx_word' id='word_1_208' title='bbox 928 1945 1086 1977; x_wconf 85' lang='lat' dir='ltr'>contra</span> <span class='ocrx_word' id='word_1_209' title='bbox 1122 1931 1286 1990; x_wconf 79' lang='lat' dir='ltr'>plantae</span> <span class='ocrx_word' id='word_1_210' title='bbox 1310 1942 1525 1986; x_wconf 76' lang='lat' dir='ltr'>terrente,</span> <span class='ocrx_word' id='word_1_211' title='bbox 1563 1947 1664 1991; x_wconf 76' lang='lat' dir='ltr'>quae</span> <span class='ocrx_word' id='word_1_212' title='bbox 1687 1946 1709 1977; x_wconf 83' lang='lat' dir='ltr'>a</span> <span class='ocrx_word' id='word_1_213' title='bbox 1731 1931 1880 1977; x_wconf 81' lang='lat' dir='ltr'>multis</span> <span class='ocrx_word' id='word_1_214' title='bbox 1901 1926 2078 1975; x_wconf 67' lang='lat' dir='ltr'>inseffis</span> 
     </span>
     <span class='ocr_line' id='line_1_24' title="bbox 391 2006 2081 2070; baseline -0.005 -12"><span class='ocrx_word' id='word_1_215' title='bbox 391 2012 653 2058; x_wconf 80' lang='lat' dir='ltr'>infestantur</span> <span class='ocrx_word' id='word_1_216' title='bbox 685 2009 913 2068; x_wconf 82' lang='lat' dir='ltr'>extemplo</span> <span class='ocrx_word' id='word_1_217' title='bbox 948 2009 1163 2070; x_wconf 75' lang='lat' dir='ltr'>languent</span> <span class='ocrx_word' id='word_1_218' title='bbox 1194 2007 1245 2055; x_wconf 67' lang='lat' dir='ltr'>&lt;Sc</span> <span class='ocrx_word' id='word_1_219' title='bbox 1279 2009 1549 2053; x_wconf 70' lang='lat' dir='ltr'>moriuntur:</span> <span class='ocrx_word' id='word_1_220' title='bbox 1585 2009 1690 2062; x_wconf 76' lang='lat' dir='ltr'>nisi,</span> <span class='ocrx_word' id='word_1_221' title='bbox 1726 2010 1850 2067; x_wconf 84' lang='lat' dir='ltr'>quod</span> <span class='ocrx_word' id='word_1_222' title='bbox 1884 2006 2081 2060; x_wconf 63' lang='lat' dir='ltr'>Inseffla,</span> 
     </span>
     <span class='ocr_line' id='line_1_25' title="bbox 392 2079 2084 2149; baseline -0.007 -14"><span class='ocrx_word' id='word_1_223' title='bbox 392 2103 494 2149; x_wconf 49' lang='lat' dir='ltr'>quse</span> <span class='ocrx_word' id='word_1_224' title='bbox 529 2088 692 2148; x_wconf 83' lang='lat' dir='ltr'>plantis</span> <span class='ocrx_word' id='word_1_225' title='bbox 726 2085 903 2131; x_wconf 86' lang='lat' dir='ltr'>marinis</span> <span class='ocrx_word' id='word_1_226' title='bbox 936 2084 1156 2139; x_wconf 76' lang='lat' dir='ltr'>insident,</span> <span class='ocrx_word' id='word_1_227' title='bbox 1193 2098 1246 2129; x_wconf 79' lang='lat' dir='ltr'>ex</span> <span class='ocrx_word' id='word_1_228' title='bbox 1278 2084 1343 2128; x_wconf 84' lang='lat' dir='ltr'>his</span> <span class='ocrx_word' id='word_1_229' title='bbox 1365 2083 1623 2130; x_wconf 83' lang='lat' dir='ltr'>alimentum</span> <span class='ocrx_word' id='word_1_230' title='bbox 1647 2099 1738 2131; x_wconf 89' lang='lat' dir='ltr'>non</span> <span class='ocrx_word' id='word_1_231' title='bbox 1767 2087 1970 2145; x_wconf 75' lang='lat' dir='ltr'>capiant,</span> <span class='ocrx_word' id='word_1_232' title='bbox 2008 2079 2084 2126; x_wconf 83' lang='lat' dir='ltr'>sed</span> 
     </span>
     <span class='ocr_line' id='line_1_26' title="bbox 393 2157 2083 2217; baseline -0.003 -8"><span class='ocrx_word' id='word_1_233' title='bbox 393 2179 448 2210; x_wconf 82' lang='lat' dir='ltr'>ex</span> <span class='ocrx_word' id='word_1_234' title='bbox 471 2164 720 2209; x_wconf 81' lang='lat' dir='ltr'>minoribus</span> <span class='ocrx_word' id='word_1_235' title='bbox 743 2158 1050 2215; x_wconf 38' lang='lat' dir='ltr'>animalculis?</span> <span class='ocrx_word' id='word_1_236' title='bbox 1086 2158 1153 2205; x_wconf 87' lang='lat' dir='ltr'>vel</span> <span class='ocrx_word' id='word_1_237' title='bbox 1188 2158 1282 2203; x_wconf 75' lang='lat' dir='ltr'>aliis</span> <span class='ocrx_word' id='word_1_238' title='bbox 1307 2157 1597 2216; x_wconf 80' lang='lat' dir='ltr'>corporibuS‚</span> <span class='ocrx_word' id='word_1_239' title='bbox 1633 2171 1655 2200; x_wconf 84' lang='lat' dir='ltr'>a</span> <span class='ocrx_word' id='word_1_240' title='bbox 1682 2159 1842 2216; x_wconf 78' lang='lat' dir='ltr'>quibus</span> <span class='ocrx_word' id='word_1_241' title='bbox 1863 2171 2083 2217; x_wconf 72' lang='lat' dir='ltr'>perpetuo</span> 
     </span>
     <span class='ocr_line' id='line_1_27' title="bbox 392 2234 2079 2293; baseline -0.002 -9"><span class='ocrx_word' id='word_1_242' title='bbox 392 2239 640 2288; x_wconf 79' lang='lat' dir='ltr'>alluuntur:</span> <span class='ocrx_word' id='word_1_243' title='bbox 684 2238 856 2286; x_wconf 65' lang='lat' dir='ltr'>insecta</span> <span class='ocrx_word' id='word_1_244' title='bbox 891 2253 997 2284; x_wconf 85' lang='lat' dir='ltr'>vcro</span> <span class='ocrx_word' id='word_1_245' title='bbox 1034 2234 1248 2281; x_wconf 72' lang='lat' dir='ltr'>terrestria</span> <span class='ocrx_word' id='word_1_246' title='bbox 1283 2249 1337 2279; x_wconf 82' lang='lat' dir='ltr'>ex</span> <span class='ocrx_word' id='word_1_247' title='bbox 1371 2234 1471 2279; x_wconf 74' lang='lat' dir='ltr'>aere</span> <span class='ocrx_word' id='word_1_248' title='bbox 1507 2246 1603 2277; x_wconf 79' lang='lat' dir='ltr'>raro</span> <span class='ocrx_word' id='word_1_249' title='bbox 1638 2236 1792 2279; x_wconf 86' lang='lat' dir='ltr'>nutriri</span> <span class='ocrx_word' id='word_1_250' title='bbox 1828 2248 2079 2293; x_wconf 85' lang='lat' dir='ltr'>nequeunt,</span> 
     </span>
     <span class='ocr_line' id='line_1_28' title="bbox 394 2310 2082 2378; baseline -0.002 -17"><span class='ocrx_word' id='word_1_251' title='bbox 394 2318 497 2364; x_wconf 90' lang='lat' dir='ltr'>ideo</span> <span class='ocrx_word' id='word_1_252' title='bbox 533 2334 616 2378; x_wconf 84' lang='lat' dir='ltr'>pro</span> <span class='ocrx_word' id='word_1_253' title='bbox 652 2319 756 2364; x_wconf 86' lang='lat' dir='ltr'>cibo</span> <span class='ocrx_word' id='word_1_254' title='bbox 793 2316 1028 2363; x_wconf 86' lang='lat' dir='ltr'>vescuntur</span> <span class='ocrx_word' id='word_1_255' title='bbox 1064 2315 1193 2359; x_wconf 68' lang='lat' dir='ltr'>succo¹</span> <span class='ocrx_word' id='word_1_256' title='bbox 1242 2311 1288 2359; x_wconf 84' lang='lat'>&amp;</span> <span class='ocrx_word' id='word_1_257' title='bbox 1334 2312 1450 2356; x_wconf 71' lang='lat' dir='ltr'>foiiis</span> <span class='ocrx_word' id='word_1_258' title='bbox 1488 2310 1734 2370; x_wconf 77' lang='lat' dir='ltr'>plantarum</span> <span class='ocrx_word' id='word_1_259' title='bbox 1761 2345 1774 2364; x_wconf 83' lang='lat'>.,</span> <span class='ocrx_word' id='word_1_260' title='bbox 1819 2327 1926 2370; x_wconf 83' lang='lat' dir='ltr'>quas</span> <span class='ocrx_word' id='word_1_261' title='bbox 1961 2313 2082 2359; x_wconf 86' lang='lat' dir='ltr'>inha-</span> 
     </span>
     <span class='ocr_line' id='line_1_29' title="bbox 395 2387 2089 2454; baseline -0.004 -16"><span class='ocrx_word' id='word_1_262' title='bbox 395 2393 538 2440; x_wconf 83' lang='lat' dir='ltr'>bitant</span> <span class='ocrx_word' id='word_1_263' title='bbox 570 2431 584 2451; x_wconf 83' lang='lat'>‚</span> <span class='ocrx_word' id='word_1_264' title='bbox 633 2410 724 2454; x_wconf 88' lang='lat' dir='ltr'>quo</span> <span class='ocrx_word' id='word_1_265' title='bbox 761 2395 895 2440; x_wconf 90' lang='lat' dir='ltr'>succo</span> <span class='ocrx_word' id='word_1_266' title='bbox 929 2391 979 2439; x_wconf 63' lang='grc' dir='ltr'>ὅ(</span> <span class='ocrx_word' id='word_1_267' title='bbox 1014 2391 1133 2436; x_wconf 84' lang='lat' dir='ltr'>soliis</span> <span class='ocrx_word' id='word_1_268' title='bbox 1170 2388 1482 2435; x_wconf 79' lang='lat' dir='ltr'>deficientibus</span> <span class='ocrx_word' id='word_1_269' title='bbox 1509 2420 1523 2442; x_wconf 83' lang='lat'>,</span> <span class='ocrx_word' id='word_1_270' title='bbox 1570 2387 1700 2430; x_wconf 86' lang='lat' dir='ltr'>etiam</span> <span class='ocrx_word' id='word_1_271' title='bbox 1746 2387 1960 2450; x_wconf 82' lang='lat' dir='ltr'>languent</span> <span class='ocrx_word' id='word_1_272' title='bbox 1995 2401 2089 2432; x_wconf 89' lang='lat' dir='ltr'>mo-</span> 
     </span>
     <span class='ocr_line' id='line_1_30' title="bbox 394 2468 866 2528; baseline 0.006 -17"><span class='ocrx_word' id='word_1_273' title='bbox 394 2468 657 2526; x_wconf 82' lang='lat' dir='ltr'>riunturque</span> <span class='ocrx_word' id='word_1_274' title='bbox 689 2469 866 2528; x_wconf 80' lang='lat' dir='ltr'>plantte.</span> 
     </span>
    </p>

    <p class='ocr_par' dir='ltr' id='par_1_5' title="bbox 455 2533 2091 2602">
     <span class='ocr_line' id='line_1_31' title="bbox 455 2533 2091 2602; baseline -0.004 -15"><span class='ocrx_word' id='word_1_275' title='bbox 455 2541 528 2587; x_wconf 83' lang='lat' dir='ltr'>An</span> <span class='ocrx_word' id='word_1_276' title='bbox 566 2542 747 2600; x_wconf 85' lang='lat' dir='ltr'>quidem</span> <span class='ocrx_word' id='word_1_277' title='bbox 781 2543 868 2588; x_wconf 84' lang='lat' dir='ltr'>huc</span> <span class='ocrx_word' id='word_1_278' title='bbox 905 2541 1042 2600; x_wconf 78' lang='lat' dir='ltr'>usque</span> <span class='ocrx_word' id='word_1_279' title='bbox 1066 2542 1291 2602; x_wconf 74' lang='lat' dir='ltr'>vegetatio</span> <span class='ocrx_word' id='word_1_280' title='bbox 1315 2538 1563 2599; x_wconf 84' lang='lat' dir='ltr'>plantarum</span> <span class='ocrx_word' id='word_1_281' title='bbox 1586 2533 1879 2594; x_wconf 81' lang='lat' dir='ltr'>terrestrium,</span> <span class='ocrx_word' id='word_1_282' title='bbox 1917 2540 1959 2584; x_wconf 87' lang='lat' dir='ltr'>in</span> <span class='ocrx_word' id='word_1_283' title='bbox 1984 2549 2091 2582; x_wconf 76' lang='lat' dir='ltr'>ocu‹</span> 
     </span>
    </p>
   </div>
   <div class='ocr_carea' id='block_1_3' title="bbox 400 2615 2095 2752">
    <p class='ocr_par' dir='ltr' id='par_1_6' title="bbox 400 2615 2095 2752">
     <span class='ocr_line' id='line_1_32' title="bbox 400 2615 2091 2676; baseline -0.002 -15"><span class='ocrx_word' id='word_1_284' title='bbox 400 2615 452 2662; x_wconf 74' lang='lat' dir='ltr'>iis</span> <span class='ocrx_word' id='word_1_285' title='bbox 488 2631 709 2676; x_wconf 87' lang='lat' dir='ltr'>perpetuo</span> <span class='ocrx_word' id='word_1_286' title='bbox 741 2619 1008 2663; x_wconf 85' lang='lat' dir='ltr'>versantium</span> <span class='ocrx_word' id='word_1_287' title='bbox 1044 2618 1161 2662; x_wconf 84' lang='lat' dir='ltr'>bene</span> <span class='ocrx_word' id='word_1_288' title='bbox 1193 2615 1422 2661; x_wconf 77' lang='lat' dir='ltr'>innotuit?</span> <span class='ocrx_word' id='word_1_289' title='bbox 1456 2625 1650 2672; x_wconf 82' lang='lat' dir='ltr'>quonam</span> <span class='ocrx_word' id='word_1_290' title='bbox 1683 2626 1864 2660; x_wconf 88' lang='lat' dir='ltr'>munere</span> <span class='ocrx_word' id='word_1_291' title='bbox 1899 2615 2091 2676; x_wconf 82' lang='lat' dir='ltr'>fungun-</span> 
     </span>
     <span class='ocr_line' id='line_1_33' title="bbox 411 2688 2095 2752; baseline -0.003 -15"><span class='ocrx_word' id='word_1_292' title='bbox 411 2705 480 2738; x_wconf 78' lang='lat' dir='ltr'>mr</span> <span class='ocrx_word' id='word_1_293' title='bbox 514 2693 684 2739; x_wconf 78' lang='lat' dir='ltr'>radices</span> <span class='ocrx_word' id='word_1_294' title='bbox 704 2692 726 2736; x_wconf 63' lang='grc' dir='ltr'>ἰ)</span> <span class='ocrx_word' id='word_1_295' title='bbox 760 2706 816 2738; x_wconf 83' lang='lat' dir='ltr'>an</span> <span class='ocrx_word' id='word_1_296' title='bbox 851 2705 945 2739; x_wconf 88' lang='lat' dir='ltr'>non</span> <span class='ocrx_word' id='word_1_297' title='bbox 982 2692 1133 2739; x_wconf 85' lang='lat' dir='ltr'>multae</span> <span class='ocrx_word' id='word_1_298' title='bbox 1165 2691 1264 2738; x_wconf 81' lang='lat' dir='ltr'>sunt</span> <span class='ocrx_word' id='word_1_299' title='bbox 1297 2690 1486 2752; x_wconf 74' lang='lat' dir='ltr'>plantae,</span> <span class='ocrx_word' id='word_1_300' title='bbox 1521 2688 1682 2750; x_wconf 85' lang='lat' dir='ltr'>quibus</span> <span class='ocrx_word' id='word_1_301' title='bbox 1712 2689 1818 2737; x_wconf 86' lang='lat' dir='ltr'>licet</span> <span class='ocrx_word' id='word_1_302' title='bbox 1839 2705 1992 2752; x_wconf 80' lang='lat' dir='ltr'>paucae</span> <span class='ocrx_word' id='word_1_303' title='bbox 2015 2690 2095 2734; x_wconf 83' lang='lat' dir='ltr'>fint</span> 
     </span>
    </p>
   </div>
   <div class='ocr_carea' id='block_1_4' title="bbox 1884 2767 2081 2839">
    <p class='ocr_par' dir='ltr' id='par_1_7' title="bbox 1884 2767 2081 2839">
     <span class='ocr_line' id='line_1_34' title="bbox 1884 2767 2081 2839; baseline -0.01 -25"><span class='ocrx_word' id='word_1_304' title='bbox 1884 2767 2055 2815; x_wconf 83' lang='lat' dir='ltr'>radices</span> <span class='ocrx_word' id='word_1_305' title='bbox 2067 2811 2081 2839; x_wconf 39' lang='grc' dir='ltr'><strong>ὃ</strong></span> 
     </span>
    </p>
   </div>
  </div>
 </body>
</html>
