2262 3182
637 186 668 235 S
732 184 781 233 U
844 183 882 231 B
948 184 978 232 S
1044 184 1087 232 E
1150 187 1192 234 C
1259 191 1278 237 1
1343 191 1387 240 V
1448 195 1505 245 Α.
1869 220 1928 270 ¹9

235 320 509 385 zophylaciis
546 317 885 375 custodiuntur,
926 318 1129 378 inprimis
1166 316 1269 376 illa,
1304 322 1603 379 pulcherrime
1637 332 1841 385 colorata
1876 350 1934 387 ex

233 403 338 452 mari
376 398 527 445 rubro.

293 478 518 540 Analogia
551 475 1008 535 Kerato-phytorum
1042 472 1094 521 <Sc
1130 472 1771 540 Titano-kerato-phytortnn
1808 501 1928 540 tanta

229 553 291 601 est
326 555 371 600 in
409 553 548 598 modo
586 552 841 607 crescendi,
889 550 1140 606 radicibus,
1176 555 1308 598 ramis
1344 552 1465 612 δια,
1501 568 1550 602 ut
1586 563 1813 611 manifesto
1851 582 1929 628 ap.

224 643 404 693 pareat,
440 631 574 675 ambo
608 628 695 675 esse
727 630 859 674 unius
894 627 1185 687 ejusdemque
1221 629 1400 688 speciei.

289 707 635 766 Nonnunquam
671 708 804 751 etiam
839 707 1134 760 inveniuntur
1175 706 1451 767 Lithophyta
1485 726 1585 771 quae
1620 728 1712 759 non
1755 716 1926 780 ubivis,

225 783 300 829 sed
336 796 507 828 tantum
541 782 645 826 hinc
684 780 790 825 inde
828 782 998 826 cortice
1033 781 1186 828 vestita
1219 783 1317 828 sunt
1355 784 1466 848 (s).
1533 787 1781 836 Manifesto
1816 793 1929 839 indi-

224 859 297 904 cio
332 859 550 903 corticem
586 869 680 900 non
728 854 814 900 effe
858 847 1094 916 proprium
1139 858 1423 919 Lithophyto
1452 898 1464 918 ‚
1512 863 1583 908 sed
1621 879 1787 925 corpus
1823 868 1929 915 alie-

221 948 357 987 num,
395 932 675 978 extrinsecus‘
699 932 937 979 adnexum.
1008 934 1241 981 Afferuiffe
1277 936 1397 982 hunc
1435 937 1665 986 Cortieen]
1706 945 1859 989 attritu
1883 942 1929 990 &

221 1009 439 1053 undarum
485 1005 698 1052 fluetibus
745 1006 870 1052 fuisse
920 1009 1160 1064 abrasum,
1212 1025 1313 1055 cum
1362 1015 1639 1070 experientia
1685 1004 1929 1065 convenire

220 1098 315 1130 non
353 1084 553 1138 videtur,
589 1086 721 1143 quia,
758 1098 952 1143 excepto
988 1088 1188 1142 cortice,
1227 1087 1298 1134 hae
1332 1088 1498 1147 plantae
1533 1093 1719 1154 integrae
1758 1096 1856 1141 sunt
1878 1095 1929 1144 ἃ

221 1162 496 1219 incorruptae
521 1193 535 1213 ‚
583 1157 630 1206 δε
665 1163 878 1219 quoniam
915 1161 1051 1219 aliqui
1087 1162 1186 1207 sunt
1219 1162 1361 1215 Fuci,
1411 1166 1563 1223 quales
1598 1169 1744 1214 'nabeo
1771 1171 1927 1218 servo.-

219 1251 307 1296 que
331 1271 344 1291 ‚
393 1237 470 1294 qui
515 1237 695 1296 penitus
740 1235 873 1281 instar
907 1236 1306 1284 Titano-kerato—
1327 1240 1570 1298 phytoruni
1604 1246 1794 1293 obdueti
1829 1247 1928 1296 sunt

219 1314 389 1358 cortice
423 1326 478 1357 ex
515 1311 688 1358 cellulis
724 1311 1279 1371 Polypot·um‚constante.

285 1386 506 1433 Ulteriori
552 1389 636 1431 erit
683 1401 948 1449 argumento
974 1423 987 1444 ,
1031 1391 1251 1435 nonnulla
1292 1391 1406 1450 saepe
1451 1391 1728 1452 deprehendi
1768 1397 1928 1446 Litho-

221 1461 383 1522 phym,
417 1461 494 1507 sub
538 1477 731 1522 quorum
769 1466 939 1508 cortice
973 1467 1176 1523 quaedam
1212 1469 1383 1528 exiguae
1420 1469 1627 1516 Conchae
1653 1474 1827 1521 testaeve
1853 1475 1928 1522 cle·

220 1536 428 1582 litescunt
464 1538 591 1599 (t),
629 1553 737 1597 quas
772 1538 933 1598 Polypi
970 1554 1026 1585 eo
1064 1542 1234 1586 cortice
1260 1577 1274 1598 ‚
1321 1544 1393 1588 vel
1415 1548 1567 1603 potius
1592 1547 1766 1594 cellulis
1791 1553 1925 1598 corti-

223 1626 322 1657 cem
353 1613 651 1659 formantibus
689 1615 985 1660 obtexerunt:
1024 1618 1221 1664 evidenti
1257 1620 1428 1665 indicio
1465 1621 1777 1683 Lithophyton
1803 1627 1927 1676 fimul

220 1700 322 1731 cun]
361 1687 532 1729 cortice
568 1700 592 1730 a
627 1685 813 1743 Polypis
847 1699 940 1729 non
978 1686 1186 1733 formari:
1226 1694 1299 1734 sed
1337 1697 1458 1749 prius
1480 1696 1796 1757 Lithophyton
1825 1718 1923 1749 cre-

219 1760 322 1807 viss'e
348 1795 362 1814 ,
407 1760 537 1817 eique
572 1759 613 1803 se
649 1774 803 1818 parvas
839 1759 1066 1804 Cochleas
1091 1794 1105 1815 ‚
1162 1761 1495 1825 peelunculos,
1543 1770 1832 1834 Tellinasque
1867 1777 1930 1824 af-

219 1835 353 1882 fixisse
380 1870 393 1891 ‚
439 1834 591 1894 postea
634 1850 742 1881 ‘vero
790 1834 991 1894 polypos
1028 1837 1145 1898 (qui
1182 1852 1372 1885 numero
1408 1846 1522 1889 aueli
1560 1846 1742 1894 cellulas
1777 1853 1925 1899 multi·

219 1913 535 1977 plicaverunt)
572 1914 778 1961 Conchas
816 1913 1031 1974 testasque
1066 1917 1197 1960 ramis
1229 1917 1317 1963 illis
1353 1919 1498 1968 affixas
1534 1922 1765 1971 obtexisse.

812 2044 921 2112 De
971 2046 1315 2115 Corallinis.

285 2200 375 2249 Vir
408 2199 704 2250 laudatiffimae
740 2202 966 2252 industriae
1002 2204 1053 2253 ἃ
1089 2209 1414 2266 accurationiS,
1459 2207 1501 2269 J.
1535 2207 1720 2258 ELLIS
1746 2210 1846 2274 (v)
1872 2214 1917 2262 in

1737 2287 1917 2334 historia

269 2351 352 2403 (s)
383 2350 450 2401 Est
475 2351 614 2401 species
644 2353 868 2405 Lithophyti
886 2387 898 2405 ‚
935 2371 1017 2406 quae
1045 2373 1186 2399 revera
1213 2363 1458 2402 admirabilis
1511 2362 1557 2407 &³
1595 2366 1919 2404 extraordinaria

219 2414 293 2463 est,
320 2419 458 2453 cortice
477 2419 650 2454 continuo
670 2426 802 2464 caret,
826 2414 898 2466 sed
912 2420 999 2459 hinc
1019 2423 1128 2468 inde,
1158 2425 1326 2470 quaedam
1346 2423 1441 2472 fimt
1461 2424 1690 2474 fragmenta
1719 2430 1918 2478 interrup-

221 2485 288 2523 m,
315 2477 507 2525 glutinosa
534 2491 615 2526 quae
636 2477 805 2527 florescit
831 2486 871 2521 in
900 2496 1018 2531 etqua.
1071 2486 1270 2526 MAnschI
1303 2485 1452 2525 histoire
1480 2486 1665 2540 Phyfique
1696 2488 1740 2526 de
1762 2490 1795 2528 la
1817 2491 1916 2531 Mer.

219 2548 306 2589 pag.
332 2539 394 2583 89.

275 2597 358 2647 (t)
389 2598 493 2636 Idem
516 2601 605 2639 nob.
631 2602 746 2641 ELLls
768 2604 877 2641 etiam
900 2605 1116 2645 observavit.
1138 2619 1225 2659 pag.
1249 2608 1344 2647 mihi
1368 2612 1429 2650 81.

267 2659 359 2711 (v)
387 2663 540 2700 Natural
565 2664 714 2716 History
734 2666 780 2705 of
797 2668 964 2713 Coralls',
995 2673 1064 2708 ἃς.
1089 2674 1132 2710 80
1156 2671 1282 2713 Lond.
1306 2673 1429 2726 postea
1449 2676 1589 2717 Gallice
1609 2682 1644 2716 ὅ(
1667 2678 1810 2730 Belgice
1830 2692 1904 2718 ver*

215 2720 274 2764 sus
301 2728 336 2762 δ(
355 2724 392 2762 in
413 2728 458 2772 40
478 2724 596 2764 editus
614 2729 711 2778 apud
729 2730 774 2769 de
795 2729 924 2770 Hond.
946 2732 1045 2782 Hag.
1066 2746 1167 2774 com.

1044 2783 1147 2832 Ca
