2262 3182
615 160 1499 210 SUBSECIVA.
1841 174 1897 221 81

219 324 256 350 ,‚
293 303 450 350 aquam
475 321 489 344 ‚
533 288 718 335 eosdem
766 305 822 336 ne
868 289 1202 337 contrelstemus
1225 324 1239 345 ‚
1275 293 1378 349 quia
1412 290 1610 340 contaffl
1643 294 1766 341 brevi
1798 300 1901 356 post

215 399 246 422 ,‚
284 367 533 409 moriuntur
557 399 572 420 ‚
611 364 800 409 reticulo
823 401 835 420 ‚
874 365 999 423 cujus
1023 379 1072 408 os
1096 366 1268 410 circulo
1292 366 1446 426 ligneo
1471 367 1662 413 adfixum
1685 402 1700 424 .‚
1739 368 1785 415 &
1807 371 1904 430 pla·

215 472 249 495 „
285 454 365 501 gae·
387 452 472 484 tam
507 437 642 483 arcia}
678 437 774 483 sunt
795 473 808 492 ‚
846 451 893 482 ut
928 438 1025 483 latis
1059 441 1272 497 temporis
1307 439 1484 497 superfit
1509 474 1524 494 ‚
1558 456 1638 487 eos
1674 445 1716 487 in
1747 458 1899 490 recen-

214 547 245 567 „
281 525 370 557 tem
408 511 528 570 prius
564 509 855 565 immittendi,
881 524 1022 569 ‘quam
1048 513 1173 570 prior
1206 511 1440 558 defluxerit
1471 527 1583 573 aqua
1608 548 1623 569 ‚
1660 515 1776 563 lente
1812 521 1896 565 tol-

212 620 257 645 ,‚‚
282 586 445 632 luntur.
1874 609 1879 612 ’

277 725 309 746 ‚‚
346 690 672 738 ministratores
706 690 890 736 subinde
923 690 1094 749 aliquot
1127 690 1231 738 offae
1265 692 1478 753 flobulo‘s
1511 696 1555 740 in
1591 709 1747 754 aquam
1782 712 1892 744 con„

211 798 243 820 ,‚
273 766 444 825 jic-iunt.
513 764 747 824 Optimum
786 778 930 810 tamen
969 764 1225 810 alimentum
1256 766 1315 810 est·
1340 767 1468 825 panis
1491 768 1710 813 tesselatus
1747 771 1889 829 (Bes

210 869 243 890 ‚,
281 839 380 898 gice
416 852 487 882 een
525 835 716 899 Wafel.)
752 838 826 883 aut
858 836 1061 882 duriores
1086 851 1273 882 ovorum
1302 840 1440 885 vitelli
1465 873 1480 896 ‚
1516 854 1589 887 aut
1613 856 1716 888 caro
1742 847 1893 903 porci-

210 945 242 963 ‚
279 925 333 955 na
357 912 399 955 in
424 909 516 956 sole
539 910 777 966 exliccmita
813 911 898 959 ὃς
887 927 930 957 in
957 911 1087 957 fibras
1109 911 1338 972 discerpta.
1408 915 1666 975 Aliquando
1691 920 1894 967 cochlcae

208 1022 242 1043 ‚‚
279 1002 425 1046 parvae
458 986 672 1046 piscinis
660 1001 716 1032 m
709 986 947 1036 'iciuntur,
984 1001 1166 1046 quarum
1192 988 1320 1035 limus
1345 990 1428 1036 five
1451 991 1604 1052 gluten
1629 993 1894 1053 piscinarum

208 1096 242 1118 ,.‚
275 1063 485 1109 lateribus
519 1063 748 1108 adhaerens
775 1095 789 1113 ‚
823 1064 1033 1108 eximium
1069 1062 1185 1108 hisce
1219 1066 1481 1112 animalibus
1511 1069 1681 1125 praebet
1712 1069 1897 1115 alimen-

208 1171 240 1193 .‚
277 1150 367 1182 tum
394 1171 408 1190 ‚
441 1135 493 1183 ἃ
527 1135 583 1181 de
614 1149 706 1194 quo
742 1136 868 1181 avide
900 1139 1016 1182 inter
1052 1137 1094 1180 se
1126 1151 1308 1184 certant.
1387 1141 1640 1188 Avidiffime
1664 1146 1795 1189 etiam
1821 1158 1891 1189 ru-

204 1247 237 1269 „
274 1213 382 1267 fos,
422 1212 498 1270 qui
534 1213 579 1255 in
613 1210 928 1256 emissariorum
965 1213 1261 1271 quorumdam
1297 1226 1410 1273 aqua
1445 1216 1764 1271 inveniuntur,
1799 1232 1893 1264 νεῖ.

205 1319 239 1344 ,,
274 1285 464 1332 miculos
501 1285 734 1344 adpetunt.

280 1425 312 1446 ,,
364 1390 413 1436 In
450 1389 736 1436 calidioribus
771 1393 1032 1453 regionibus
1067 1391 1307 1438 admodum
1342 1392 1696 1453 multiplicantur
1722 1431 1736 1453 ‚
1782 1398 1886 1444 dum

204 1499 237 1521 „
273 1465 412 1510 modo
446 1477 626 1508 curetur
657 1499 671 1520 ‚
719 1477 766 1510 ut
799 1479 882 1510 ova
918 1479 1072 1510 eorum
1108 1499 1122 1521 ,
1171 1480 1273 1523 que
1310 1481 1439 1525 aquae
1477 1467 1796 1527 supernatant,
1844 1471 1889 1520 &

202 1573 236 1595 ‚,
270 1554 371 1598 quae
406 1537 476 1582 alii
512 1536 653 1595 pisces
683 1538 849 1596 alioqui
886 1538 1105 1584 devorant
1128 1571 1144 1596 ,
1182 1538 1466 1584 εωέὶιηαηωιε
1513 1555 1563 1586 ea
1598 1543 1688 1590 alio
1721 1548 1888 1592 invase

200 1647 234 1671 ‚‚
267 1612 347 1660 soli
383 1610 580 1670 expolita
614 1612 668 1655 ab
706 1610 794 1656 hoc
829 1611 1117 1657 vivificantur.
1187 1611 1416 1672 Principio
1450 1618 1574 1675 parvi
1608 1618 1889 1678 pisciculiex

197 1723 230 1745 ‚‚
267 1689 363 1734 ovis
397 1685 557 1732 exclusi
595 1687 708 1747 nigri
746 1686 844 1732 sunt
867 1719 881 1739 ,
916 1685 966 1733 δι
996 1687 1175 1746 quidam
1198 1687 1307 1733 tales
1330 1703 1527 1737 manent.
1595 1693 1764 1741 Caeteri
1787 1711 1887 1759 gra-

159 1813 167 1818 ,
200 1795 230 1817 „‚
269 1762 401 1806 datim
427 1761 468 1805 in
494 1772 654 1803 aureos
677 1755 722 1802 &
745 1771 981 1820 argenteos
1003 1774 1337 1818 peiqmutantur
1362 1776 1448 1808 tam
1472 1766 1595 1812 claro
1623 1767 1668 1814 &
1691 1772 1879 1818 corusco

199 1868 232 1891 ,‚
270 1835 505 1894 splendore
528 1866 542 1886 ‚
578 1845 627 1877 ut
662 1834 859 1890 optima
896 1847 998 1893 quae
1030 1835 1195 1880 confici
1231 1836 1376 1889 solet.
1415 1852 1620 1886 amatura
1645 1843 1709 1888 illi
1734 1845 1878 1891 cedat.

197 1942 230 1963 ,.‚
267 1910 440 1953 Aureus
469 1904 538 1949 vel
574 1917 808 1965 argenteus
830 1904 997 1950 color
984 1920 1028 1951 1n
1053 1907 1206 1952 caudae
1230 1912 1508 1958 extremitate
1531 1916 1745 1974 adparere
1769 1921 1881 1964 inci-

194 2013 228 2035 „
264 1983 367 2040 pit
401 1977 452 2024 δε
483 1991 567 2035 pro
600 1976 765 2023 diversa
798 1991 955 2023 eorum
980 1979 1133 2025 indole
1157 1983 1295 2044 magis
1321 1985 1520 2032 minusve
1545 1989 1590 2034 in
1614 1991 1809 2037 medium
1835 1993 1876 2038 se

193 2087 225 2110 ‚‚
259 2065 426 2112 corpus
460 2049 673 2093 extendit.
688 2047 713 2066 ''

260 2158 453 2231 Quidam
491 2167 649 2213 horum
682 2165 1024 2227 pisciculorum
1032 2169 1086 2214 ab
1119 2174 1280 2236 Anglii·
1304 2190 1329 2221 e
1354 2178 1489 2226 China
1521 2184 1564 2228 in
1598 2184 1763 2234 Sanaae
1787 2186 1876 2232 He-

194 2244 298 2289 lem·
332 2243 513 2288 insulam
552 2240 830 2298 transportati
854 2273 869 2297 ‚
909 2238 956 2285 &
980 2239 1085 2286 hinc
1108 2244 1246 2291 Anno
1278 2255 1409 2308 1728.
1439 2255 1572 2311 primi
1597 2261 1641 2304 in
1666 2259 1879 2318 Angliam

191 2315 349 2375 perlati
382 2314 479 2360 sunt
513 2329 535 2359 a
571 2313 870 2359 PH1L1P1>0
909 2313 1146 2363 WORTH
1172 2353 1186 2375 ‚
1221 2324 1345 2369 navis
1379 2324 1434 2370 ad
1463 2328 1600 2377 Indrae
1630 2333 1875 2378 Orientalis

191 2389 464 2437 Societatem
497 2387 759 2445 pertinentis
783 2419 798 2440 ,
831 2384 881 2433 6„
917 2388 986 2431 the
1012 2389 1239 2451 Houghttm
1275 2393 1409 2442 dicrae
1431 2432 1445 2454 ‚
1483 2400 1797 2451 Gubernatore
1822 2402 1875 2453 ὃς

190 2465 244 2507 ab
282 2461 442 2506 eodem
478 2461 788 2507 celeberrimo
825 2458 1073 2504 Mercatori
1125 2462 1446 2514 MATTMAEO
1483 2471 1743 2522 Damna
1787 2478 1869 2523 do-

192 2523 252 2584 no
288 2530 391 2583 datiss
457 2538 632 2583 Exinde
656 2540 702 2584 in
725 2538 853 2583 variis
876 2536 1062 2583 aliorum
1088 2541 1273 2586 navibus
1295 2541 1467 2593 advecti
1483 2580 1497 2601 ‚
1534 2546 1579 2594 ὅ(
1604 2551 1650 2595 in
1671 2554 1838 2612 Anglia
1857 2585 1870 2605 ‚

256 2607 372 2660 Tom-
409 2613 475 2660 ΙΙ.
1093 2613 1132 2659 L
1740 2629 1872 2685 pisci-
