2262 3182
371 210 434 273 64
781 191 1571 251 oPUSCULA

370 346 415 390 in
453 350 607 387 ventre
640 333 791 381 medio
825 332 1029 379 maximae
1051 365 1067 389 ,
1104 331 1158 376 ad
1194 343 1327 391 caput
1363 326 1410 375 &
1444 328 1648 389 corporis
1681 325 1926 389 posteriora
1948 328 2028 374 mi-

369 419 499 463 nima:
534 410 648 456 sunt.
713 408 784 456 Ex
815 407 882 453 his
917 407 1099 468 papillis
1121 406 1257 451 firmae
1280 404 1519 450 admodum
1544 436 1559 457 .,
1596 402 1741 448 craffae
1762 435 1777 456 ‚
1813 404 1952 463 nigrae
1985 402 2032 450 ὃς

374 494 566 538 nitentes
602 484 846 546 exsurgunt
881 483 980 527 setae
1006 515 1020 536 ‚
1055 494 1300 539 porcorum
1325 478 1424 523 setis
1448 478 1563 523 haud
1588 477 1837 522 dissimiles:
1871 478 2035 540 Singu-

181 562 245 607 ug,
274 556 341 595 ῙῙῙ·
380 569 524 625 laeque
559 559 731 622 papillae
755 592 769 613 ‚
802 555 1105 613 microscopio
1128 553 1374 611 conspeetae
1398 585 1412 606 ‚
1447 565 1472 596 e
1490 552 1645 597 “tribus
1668 553 1866 599 coustant
1889 555 2034 600 mino-

370 645 490 691 ribus
515 672 529 694 .,
563 634 683 680 unde
712 632 778 675 hae
812 629 912 674 setae
946 629 990 672 iu
1018 641 1105 672 tres
1127 625 1245 686 quasi
1269 625 1399 670 series
1421 624 1639 684 dispofitae
1664 625 1775 671 sunt.

436 724 593 770 Trium
624 719 776 763 harum
802 714 1022 758 minorum
1049 709 1313 770 papillarum
1339 710 1540 769 quilibet
1565 745 1578 766 ‚
1613 713 1921 772 microscopio
1944 726 2033 758 ma·

187 831 233 871 rm
259 825 323 872 ,IV
376 803 444 864 gis
477 792 670 857 augente
694 825 708 843 .,
741 788 995 849 perlustrata
1020 820 1033 840 ‚
1068 789 1318 831 eXtremitas
1353 786 1442 846 ejus
1478 787 1681 846 superior
1713 789 1756 832 in
1794 802 1880 833 tres
1917 790 2034 848 quafi

183 867 191 873 ’
213 862 246 884 *³
329 859 341 872 ο
376 872 632 935 superficies
655 866 850 911 distineta
871 862 1172 921 cognoscitur.
1241 860 1440 905 Maxima
1465 875 1519 906 ex
1542 862 1606 905 his
1630 864 1771 906 ventri
1797 864 1997 921 proxima
2019 900 2034 923 ‚

376 946 580 996 rotundae
615 941 675 986 est
708 939 893 990 formae,
928 936 973 982 &
1006 950 1061 981 ex
1083 949 1132 979 ea
1155 948 1243 979 tres
1267 948 1433 981 tantum
1459 968 1473 990 ,
1511 936 1580 981 sed
1604 937 1746 982 multo
1769 937 1996 1002 longiores
2021 971 2038 995 ,

382 1016 630 1071 craffiffimae
665 1014 711 1062 ὅτ.
745 1011 1005 1075 rigidiffimae
1038 1021 1273 1070 emergunt
1298 1008 1400 1054 setae
1424 1042 1438 1061 ,
1473 1010 1516 1054 iu
1542 1010 1764 1071 triangulo
1785 1006 2039 1070 quasi‘con-

231 1078 264 1106 α’
381 1101 554 1147 stitutae.
616 1092 657 1138 E
690 1089 837 1135 media
863 1122 876 1141 ‚
913 1100 1052 1146 eaque
1087 1083 1284 1142 oblonga
1315 1096 1438 1140 parte
1460 1117 1474 1136 ‚
1510 1084 1551 1126 in
1589 1097 1671 1128 una
1694 1085 1802 1129 serie
1825 1084 2040 1143 dispofitae

379 1173 606 1235 prodeunt
637 1167 802 1224 septem
837 1163 936 1206 setae
960 1194 973 1214 ,
1015 1159 1162 1204 alteris
1198 1156 1286 1200 illis
1320 1154 1462 1199 multo
1496 1155 1759 1202 subtiliores,
1808 1152 1810 1155 ’
1849 1154 1999 1203 Tertia
2022 1192 2038 1214 ‚

382 1258 525 1306 eaque
560 1242 721 1288 extima
755 1251 853 1297 pars
881 1270 895 1290 .,
932 1231 1265 1278 semicircularis
1290 1229 1351 1285 est
1376 1261 1388 1281 ‚
1425 1226 1472 1272 &
1494 1242 1654 1272 novem
1679 1231 1722 1273 in
1746 1233 1942 1293 margine
1963 1231 2042 1276 suo

383 1321 604 1368 exteriore
629 1349 642 1367 ,
678 1313 830 1358 eadem
866 1312 994 1355 etiam
1028 1308 1135 1352 serie
1168 1305 1326 1365 positas
1353 1337 1366 1358 ‚
1401 1304 1533 1348 habet
1567 1304 1716 1359 setas.·,
1751 1321 1850 1366 quae
1884 1312 2042 1356 mediis

380 1393 561 1456 quidem
611 1387 831 1434 craffiores
857 1422 869 1444 ,
919 1385 1059 1430 tribus
1095 1395 1204 1427 vero
1237 1381 1389 1439 primis
1422 1380 1567 1425 ventri
1599 1382 1812 1442 proximis
1839 1417 1855 1440 ,
1900 1387 2046 1434 multo

377 1474 476 1518 sunt
512 1464 785 1529 graciliores.

447 1540 675 1604 Quaelibet
705 1550 816 1597 ergo
851 1533 1013 1594 papilla
1044 1534 1191 1578 minor
1226 1543 1251 1588 3
1273 1532 1326 1573 -l-
1352 1542 1376 1587 7
1401 1533 1452 1574 -l-
1473 1542 1504 1586 9
1527 1563 1539 1584 ‚
1587 1528 1677 1576 hoc
1708 1530 1769 1575 est
1807 1546 1873 1587 19⁴
1895 1533 2044 1592 setase,

386 1618 434 1666 ὃς
469 1617 599 1677 quia,
636 1624 683 1656 ut
706 1610 831 1670 supra
854 1608 1130 1660 notavimus,
1165 1602 1327 1664 papilla
1349 1603 1516 1661 quaevis
1542 1602 1676 1662 major
1699 1619 1754 1649 ex
1775 1607 1914 1652 tribus
1938 1622 2048 1657 con-

324 1743 330 1753 .
357 1730 360 1734 .
384 1694 464 1740 stat
494 1688 739 1736 minoribus
766 1719 780 1738 ‚
813 1684 998 1730 omniuo
1022 1681 1216 1740 sequitur
1238 1712 1252 1734 ,
1285 1677 1404 1723 illam
1427 1691 1537 1738 ergo
1572 1691 1598 1738 3
1625 1688 1661 1723 ><
1698 1694 1751 1738 19
1784 1680 1870 1726 five
1893 1696 1952 1742 57
1978 1685 2047 1730 in-

383 1768 585 1816 strUCiam
621 1761 707 1808 effe
743 1760 858 1806 setis,
925 1757 984 1804 Et
1010 1757 1220 1818 quoniam
1245 1753 1351 1799 duas
1373 1750 1425 1800 δε
1451 1753 1630 1814 triginta
1654 1752 1762 1798 tales
1784 1756 1967 1816 papillas
1991 1757 2048 1804 ad

386 1846 646 1892 alterutrum
681 1839 846 1886 ventris
882 1835 995 1881 latus
1018 1872 1031 1892 ‚
1070 1834 1144 1879 seu
1168 1833 1389 1895 sexaginta
1412 1844 1603 1891 quatuor
1625 1830 1679 1875 ad
1704 1844 1942 1893 utrumque
1965 1848 2046 1882 nu·

362 1964 365 1967 .
389 1932 609 1967 metamus
631 1950 645 1973 ‚
681 1913 930 1975 Aphrodita
967 1911 1069 1972 (64
1096 1918 1133 1954 ><
1164 1913 1262 1970 57)
1303 1900 1426 1965 3648
1465 1906 1564 1951 setis
1589 1905 1779 1967 gaudeat
1805 1941 1819 1962 .,
1836 1922 2050 1966 oportet.

390 1993 533 2040 ‘Unde
559 1988 803 2048 Hystricem
835 1986 1043 2030 marinam
1078 1983 1277 2042 aequiore
1302 1980 1403 2039 Jure
1425 2011 1439 2035 ,
1474 1991 1605 2039 quam
1631 1978 1812 2026 Murem
1836 1984 2051 2032 marinum

367 2051 465 2112 ⁴„aut
490 2048 681 2109 Erucam
705 2094 719 2116 ‚
754 2072 849 2104 eam
882 2046 1044 2103 vocare
1078 2054 1241 2115 posses.

468 2145 644 2194 Animal
679 2155 878 2201 eousque
910 2143 1022 2185 intra
1055 2152 1219 2198 corpus
1253 2136 1329 2181 has
1365 2134 1473 2179 setas
1509 2131 1762 2177 retrahendi
1797 2134 2052 2186 facultatem

393 2220 526 2267 habet
549 2255 565 2275 ‚
603 2237 649 2267 ut
681 2234 829 2266 earum
863 2220 936 2263 vix
967 2229 1171 2275 appareat
1197 2212 1446 2260 extremitas
1472 2245 1486 2264 ‚
1520 2223 1682 2269 easque
1719 2210 1881 2257 iterum
1906 2215 1959 2260 ad
1981 2198 2055 2263 sex

397 2296 469 2342 vel
506 2300 607 2343 οέὶο
630 2298 856 2343 ·linearum
890 2293 1089 2342 exserere
1122 2291 1238 2338 valet
1269 2287 1614 2350 longitudinem.

235 1208 269 1244 Z‘.

232 1352 264 1376 ἕ.

464 2387 582 2434 Setae
620 2386 924 2443 microscopio
957 2383 1271 2443 contemplatae
1304 2380 1412 2427 nihil
1448 2380 1662 2441 fingulare
1686 2379 2054 2440 conspiciendum

400 2466 599 2521 proebent
625 2479 638 2516 3
677 2463 877 2523 quaedam
909 2461 1148 2506 admodum
1173 2460 1438 2504 acuminatae
1467 2491 1479 2510 ,
1516 2454 1641 2508 aliae’,
1671 2455 1783 2511 'quia‘
1804 2469 1960 2503 mucro
1983 2459 2054 2507 vel

405 2549 517 2593 apex
551 2537 761 2596 abruptus
798 2535 857 2580 est
881 2569 894 2589 ‚
940 2533 1109 2579 obtusae
1145 2532 1256 2578 sunt.
1333 2529 1412 2576 Uti
1434 2529 1534 2574 -illis
1571 2527 1726 2574 animal
1760 2529 1969 2590 videtur,
2007 2548 2058 2582 ut

405 2623 484 2669 per
520 2608 660 2655 solum
694 2610 779 2657 five
811 2610 1000 2655 fundum
1031 2610 1158 2654 maris
1189 2618 1439 2670 prorepat;
1476 2606 1578 2664 quia
1610 2605 1727 2651 enim
1761 2619 1916 2653 omnes
1942 2608 2057 2655 obli-

1967 2697 2056 2743 que
